1076 1742
538 40 50 27 140

97 116 34 33 sig
153 116 8 26 i
179 114 82 33 Riget.
298 112 20 30 I
331 113 192 33 overordentlige
542 112 115 32 Tilfelde
678 113 45 31 har
748 112 104 35 Kongen
871 114 51 26 Ret
952 112 27 27 til
1003 117 26 21 at

97 158 170 33 sammenkalde
288 156 160 35 Storthinget
469 156 101 29 udenfor
586 159 45 25 den
652 156 149 33 almindelige
822 156 63 35 Tid;
908 164 55 20 men
980 157 48 30 han

97 204 43 25 kan
161 203 43 25 ikke
225 202 110 30 paabyde
354 206 43 26 nyt
418 202 65 31 Valg
503 200 27 30 af
546 200 219 32 Representanter.

167 244 172 35 Etorthingets
358 244 194 33 Forhandlinger
572 245 85 31 holdes
677 243 37 32 for
737 244 77 26 aabne
838 245 77 26 Dsre.
956 244 74 27 Naar

97 288 161 34 Storthinget
276 296 24 18 er
319 289 99 29 aabnet,
436 290 122 31 udvelgcr
579 291 39 24 det
641 290 85 24 blaudt
750 289 47 31 sine
816 288 165 27 Medlemmer
1001 295 29 19 en

98 333 157 33 Fjerdepart,
274 332 47 32 som
340 332 88 33 udgjor
445 331 198 35 Lagthinget;
660 334 28 25 de
707 331 81 34 svrige
808 337 34 21 tre
862 331 169 33 Fjerdeparter

97 380 78 23 danne
195 375 238 33 Odelsthinget.
478 376 78 32 Hvert
576 375 81 34 Thing
676 377 83 28 holder
775 376 47 30 sine
840 374 191 35 Forhandlinger

98 420 106 33 scersiilte
224 428 29 25 og
271 422 132 24 udncrvner
421 420 34 31 sin
481 427 57 25 egen
559 419 134 32 President
714 426 31 27 og
768 418 138 27 Secretair.
936 419 96 27 Stor-

99 465 118 32 thinget
238 473 22 16 ».
286 464 139 32 paalegger
448 462 103 27 Skatter
577 471 31 25 og
627 462 75 31 Told,
719 462 48 33 som
792 465 46 31 dog
861 463 59 26 kuns
946 462 85 34 gjelde

98 507 39 32 for
159 512 21 21 et
201 506 117 27 Tidsrum
349 505 27 31 af
392 506 68 27 indtil
519 507 60 31 Aar,
603 507 55 26 eller
681 506 69 26 indtil
775 507 45 27 lst<
840 505 57 31 Juli
914 508 39 24 det
971 505 61 32 Aar,

98 554 32 24 da
151 554 24 23 et
201 556 43 26 nyt
267 551 134 33 ordentlig!
420 550 138 35 Storthing
589 558 26 18 er
634 550 93 32 samlet,
750 552 51 24 med
831 550 92 27 mindre
944 552 39 24 det
1006 549 29 32 af

100 597 63 24 dette
180 594 143 33 udtrykkelig
342 601 26 20 er
386 594 109 34 fornyet;
514 598 24 22 1,.
560 594 92 26 aabncr
671 593 65 27 Laan
756 601 50 24 paa
829 593 92 34 Rigets
939 592 94 32 Credit,

100 645 39 20 om
162 637 103 33 saadant
282 645 25 19 er
325 637 139 32 fornsdent;
484 647 22 17 e.
529 638 107 33 bevilger
646 640 30 24 de
695 638 28 26 til
739 637 232 34 Stats-Udgifterne
982 636 51 31 for-

99 683 77 25 nsdne
193 680 201 34 Pengesummer;
414 683 24 24 <l.
455 682 120 27 reviderer
592 685 28 24 de
639 681 162 33 midlertidige
820 681 85 33 Gage-
925 688 30 26 og
966 681 68 31 Pen-

100 725 157 33 sions-Lister,
274 732 31 26 og
323 725 50 33 gjsr
392 725 51 27 deri
459 727 27 24 de
509 725 191 34 Forandringer,
719 727 38 24 det
775 724 80 34 sinder
872 725 137 31 fornsdent.

169 768 179 33 Odelsthinget
366 769 119 26 reviderer
503 768 252 35 Statsregnftaberne
771 768 63 31 samt
850 768 184 27 Statsraadets

100 812 158 33 Protocoller,
277 820 29 25 og
321 812 43 27 kan
384 813 98 33 anklage
501 812 184 27 Statsraadcts
706 820 31 27 og
757 812 144 34 Hsiesterets
911 812 123 26 Medlem-

98 864 51 19 mer
167 855 37 31 for
223 855 181 34 Forbrydelser,
424 859 27 24 de
469 856 47 31 som
536 856 120 30 saadanne
668 860 92 23 maatte
772 857 99 33 bcgaae,
881 855 39 30 for
936 856 98 34 Rigs-

100 905 116 25 retten,
233 902 41 24 der
293 902 94 26 dannes
404 899 28 31 af
449 899 148 34 Lagthingct
616 907 30 26 og
665 899 139 34 Hsiesteret.

171 943 103 30 Ethvert
293 943 180 34 Lovforslag
493 944 46 30 sial
556 944 56 31 ftrst
629 944 145 31 fremsettes
785 951 49 24 paa
848 944 188 34 Odelsthinget,

101 992 70 22 enten
192 987 28 32 af
236 989 52 24 dets
307 995 59 25 egne
384 987 165 27 Medlemmer
568 988 56 26 eller
639 987 27 31 af
682 987 171 34 Regjeringen.
890 986 36 28 Er
939 987 96 34 Forsla-

102 1037 41 29 get
163 1034 40 24 der
222 1036 112 28 antaget,
351 1031 84 31 sendes
456 1034 41 23 det
517 1031 27 26 til
565 1030 156 34 Lagthinget,
740 1031 47 32 som
799 1036 70 21 enten
881 1031 105 32 bifalder
1003 1033 31 24 el-

102 1078 35 24 ler
157 1074 109 32 forkaster
286 1078 39 23 det
346 1083 30 26 og
394 1075 9 27 i
423 1075 66 32 sidste
509 1074 113 31 Tilfelde
641 1074 80 32 sender
747 1076 40 24 det
810 1075 90 33 tilbage
923 1078 51 23 med
998 1074 38 27 til-

103 1118 74 32 foiede
196 1118 205 34 Anmerkninger.
440 1118 76 31 Disse
542 1120 70 31 tages
631 1120 76 24 under
731 1118 152 31 Overveielse
907 1119 26 31 af
943 1119 93 26 Odels-

103 1161 100 34 thinget,
219 1163 48 31 som
284 1166 69 23 enten
379 1164 136 32 henlegger
534 1161 166 33 Lovforslaget
718 1162 56 26 eller
796 1166 64 22 atter
888 1162 83 29 sender
998 1167 39 22 det

103 1208 51 24 med
174 1207 55 26 eller
250 1208 60 25 uden
328 1206 155 34 Forandring
502 1206 26 26 til
547 1205 150 34 Lagthinget.
744 1205 73 26 Naar
834 1211 23 22 et
874 1206 103 34 Forslag
998 1205 38 31 fra

104 1249 174 33 Odelsthinget
295 1252 16 22 2
335 1249 89 34 Gange
445 1252 45 29 har
507 1255 73 22 veret
598 1249 141 34 Lagthinget
763 1248 116 37 forelagt,
906 1258 31 25 og
959 1252 77 24 anden

105 1293 77 34 Gang
208 1293 82 32 derfra
319 1300 26 20 er
373 1293 77 27 blevet
480 1293 158 34 tilbagesendt
667 1297 53 22 med
749 1293 94 34 Afsiag,
867 1297 88 24 treder
987 1295 49 30 hele

104 1337 162 33 Storthinget
283 1337 104 32 sammen
407 1345 31 25 og
456 1340 52 23 med
528 1341 24 21 to
572 1336 141 27 Trediedele
732 1337 28 30 af
778 1340 53 23 dets
852 1338 128 26 Stemmer
998 1337 38 30 af-

105 1380 80 34 gjsres
208 1384 31 23 da
257 1381 135 34 Forslaget.
444 1381 72 26 Naar
541 1387 29 19 en
595 1379 27 33 af
643 1380 177 34 Odelsthinget
838 1381 127 33 forrsiaaet
987 1382 50 26 Be-

105 1425 108 33 slutning
231 1432 24 18 er
278 1424 85 31 bifaldt
378 1424 32 31 af
425 1424 138 35 Lagthinget
584 1424 55 27 eller
661 1424 29 32 af
711 1426 39 26 det
772 1426 102 31 samlede
893 1424 145 33 Storthing,

105 1467 145 34 forelegges
279 1471 38 24 det
342 1468 111 34 Kongen,
482 1471 41 24 der
541 1469 44 26 kan
604 1469 105 26 meddele
729 1469 56 26 eller
801 1473 79 29 negte
899 1469 87 30 samme
1004 1468 34 31 sin

105 1509 132 29 Sanclion.
274 1511 103 33 Billiger
394 1513 47 31 han
466 1513 130 33 Forslaget,
614 1510 109 35 forsyner
745 1514 49 31 han
811 1515 39 24 det
869 1514 52 24 med
940 1513 33 31 sin
989 1510 49 27 Un-

107 1554 115 34 derskrift,
241 1556 106 32 hvorved
366 1557 39 24 del
425 1558 88 25 vorder
532 1555 71 27 Lov.
657 1556 73 28 Naar
748 1561 34 23 tre
806 1556 133 33 ordentlige
961 1554 77 28 Stor-
