1076 1737
467 41 37 27 63

16 119 64 21 veou
98 112 68 35 stiger
184 114 64 29 opad
269 116 22 22 et
305 112 89 34 Vjerg,
414 112 127 26 bemcrrker
556 118 57 20 man
631 111 91 33 derfor,
742 115 26 23 at
787 111 108 27 Varmen
914 110 39 32 af-

17 160 80 29 tager,
126 156 171 31 efterhaanden
321 156 49 31 som
396 163 57 19 man
479 156 105 25 kommer
613 162 29 25 op
665 154 8 26 i
699 159 27 23 de
751 156 76 31 hsiere
845 153 108 34 Luftlag,

17 205 22 20 et
57 200 159 32 Phcrnomen,
244 199 49 32 som
322 198 132 27 imidlertid
486 197 122 35 vcrsentlig
632 197 150 34 modificercs
810 201 44 24 ved
874 198 79 31 Jord-

18 244 112 26 bundens
147 241 180 34 Beskaffenhet).
364 242 57 32 Paa
443 242 59 31 steilt
518 245 136 29 opgaaende
673 241 89 34 Bjerge
782 242 96 33 aftager
888 243 66 26 Var-

18 294 53 18 men
93 285 99 34 hurtigt,
215 286 62 31 fordi
293 285 161 32 Luftssikterne
476 285 62 29 hvile
558 293 48 23 paa
629 287 75 24 andre
728 284 145 34 Luftskifter,
901 286 52 28 jstc-

18 329 80 31 detfor
117 329 162 27 umiddelbart
297 333 26 22 at
343 328 80 27 berore
448 328 151 34 Bjergsiden,
622 328 83 30 hvilket
723 328 43 26 ikke
785 336 25 18 er
829 328 124 31 Tilfcrldet

17 375 53 23 med
90 372 81 32 snevre
192 373 65 26 Dale
276 373 55 26 eller
349 371 163 33 Fjirldsletter,
531 371 47 32 som
598 373 102 30 sterkere
719 373 144 30 opvarmes,
879 374 74 27 hvor-

16 416 40 30 for
70 415 127 27 Varmens
215 415 120 34 Aftagelse
353 416 59 31 skeer
431 415 171 33 langsommere
621 418 44 23 ved
686 416 89 32 deslige
793 415 159 31 Ujevnheder.

16 458 20 31 I
55 461 45 25 den
120 463 156 27 tempererede
293 458 66 32 Zone
384 464 68 28 tåger
471 459 107 26 Varmen
600 459 172 34 langsommere
791 459 29 32 af
834 466 50 26 paa
905 460 46 25 den

16 502 88 33 sydlige
122 505 44 24 end
189 511 50 23 paa
258 505 44 25 den
319 502 110 33 nordlige
448 502 66 27 Side
542 502 27 32 af
585 502 131 34 Fj^ldene,
742 503 61 31 samt
827 502 7 27 i
853 502 100 27 Vintcr-

16 549 161 24 lnaanederne
203 554 29 27 og
257 547 7 25 i
288 549 43 23 den
352 547 94 30 koldeste
465 547 61 25 Dccl
547 545 26 31 af
589 547 100 31 Dognet
708 546 175 34 langsommere
905 549 46 23 end

16 598 39 18 om
76 590 150 26 Sommeren
246 598 30 24 og
297 589 7 27 i
326 592 45 24 den
389 590 116 30 varmeste
524 588 125 34 Dagstid.
685 589 61 33 Hoie
766 589 90 34 Fjcrlde
876 590 76 25 kunne

16 634 126 31 detragtes
168 633 47 31 som
244 632 111 32 isolerede
382 634 60 29 H3er,
468 636 40 23 der
527 632 86 28 strcrkkc
632 634 33 30 sig
686 640 30 24 op
733 632 7 26 i
760 635 38 23 det
817 632 52 27 vide
884 631 67 31 Luft-

15 677 97 32 Ocean;
131 683 54 19 men
208 679 29 23 da
257 678 45 24 den
320 676 103 30 Varme,
443 676 49 31 som
511 679 43 25 ved
575 676 198 27 Solstraalernes
792 676 159 33 Indsngning

15 720 121 27 udvikles,
158 720 129 31 udsprcdcs
311 719 8 26 i
338 724 23 22 et
378 721 73 31 uhyre
474 720 77 29 Rum,
581 720 43 25 kan
655 721 45 24 den
725 720 72 31 heller
816 720 43 26 ikke
878 719 72 31 frem*

15 763 83 32 bringe
119 770 80 25 nogen
218 763 147 33 bcmcerkelig
378 763 126 33 Virkning,
523 763 97 33 folgelig
635 763 73 26 heller
727 764 43 25 ikke
790 763 7 26 i
811 766 43 23 den
866 770 85 19 varme

15 805 106 27 Aarstid
140 805 80 33 smelte
243 808 44 24 den
306 813 37 19 om
363 806 118 26 Vinteren
500 806 81 31 faldnc
600 806 80 26 Snee.
729 806 94 30 Derfor
841 806 65 26 kalde
925 806 26 26 vi

15 851 45 23 den
82 849 78 32 Hside
184 856 56 19 over
264 848 152 34 Havfladen,
446 849 61 32 hvor
536 849 87 27 Sneen
655 849 77 26 bliver
761 849 109 34 liggende
899 850 52 29 hele

14 892 87 29 Aaret,
130 892 136 31 Grcendscn
290 892 38 31 for
351 895 46 25 den
420 892 68 33 evige
506 892 69 27 Snee
596 893 55 26 eller
670 892 202 34 Sneegrcendsen,
899 895 52 30 der,

16 935 111 33 selgende
145 934 91 28 Lovene
257 935 40 31 for
314 936 125 27 Varmens
458 936 131 34 Aftagelse,
607 936 76 27 bliver
703 938 91 28 lavere,
810 935 24 31 jo
850 937 101 31 lcengere

17 981 45 25 den
79 979 106 27 kommer
205 981 57 25 mod
281 980 122 32 Polerne,
427 987 53 19 men
502 979 150 33 modificeres
673 979 60 32 ester
750 978 201 33 Veskaffenheden

17 1022 28 31 af
62 1022 125 27 Landenes
209 1022 135 33 Overstade
367 1031 29 26 og
413 1024 71 26 deres
501 1023 122 32 klimatiske
646 1022 198 34 Forskjellighet»;
868 1020 34 33 thi
919 1023 33 25 da

19 1068 78 25 denne
117 1066 117 30 Grcendse
253 1066 129 34 ligcsaavel
399 1073 25 19 er
443 1066 122 34 afhcengig
591 1066 27 33 af
637 1066 136 34 Mcrngden
802 1065 28 32 af
847 1067 45 25 den
911 1071 40 19 om

17 1109 116 27 Vinteren
152 1109 81 31 faldne
252 1109 79 32 Snee,
357 1109 50 31 som
435 1110 30 31 af
487 1110 163 27 Sommerens
669 1109 174 31 Temperatur,
868 1116 25 18 er
913 1110 40 25 det

17 1153 71 29 klart,
113 1156 28 23 at
170 1154 45 25 den
237 1154 77 25 under
332 1153 88 33 samme
441 1154 143 33 Vredegrad
611 1161 58 18 maa
697 1160 48 26 gaa
774 1153 76 32 hsiere
877 1151 8 27 i
912 1154 41 24 det

17 1196 78 30 Indre
115 1195 29 31 af
159 1195 100 32 Landet,
283 1201 44 22 end
351 1200 45 23 ved
413 1196 98 33 Kysten,
535 1196 62 30 fordi
615 1198 42 24 det
676 1196 80 33 Fsrste
776 1198 44 29 har
837 1202 115 20 varmere

17 1239 133 27 Sommere
177 1242 44 23 end
248 1242 47 24 den
314 1240 93 32 Eldste,
432 1247 30 26 og
487 1241 39 25 det
546 1240 79 30 Indre
643 1242 107 25 desuden
768 1239 8 27 i
794 1240 157 26 Vintermaa-

17 1284 105 25 nederne
146 1287 127 29 modtager
299 1287 22 22 et
341 1283 93 33 ringere
453 1283 132 26 Qvantum
615 1283 178 33 atmosphcrrist
812 1281 139 35 Fugtighed

18 1326 143 34 (Nedslag),
181 1334 29 25 og
229 1327 62 29 staae
307 1328 30 25 da
356 1329 26 25 de
401 1328 53 25 med
474 1327 52 34 evig
542 1327 70 27 Snce
631 1328 132 25 bedcrkkede
788 1326 90 33 Fjcrlde
902 1332 50 25 paa

19 1369 51 33 hsie
93 1370 125 31 Plateaus
244 1368 28 30 af
295 1370 48 30 stor
367 1370 171 34 Udstrcrkning,
557 1370 48 32 som
624 1377 49 25 paa
692 1372 45 24 den
758 1369 81 32 norske
863 1367 89 34 Fjcrlds

18 1412 91 31 masse,
134 1412 41 31 saa
205 1413 99 32 bidrage
333 1412 63 31 disse
421 1412 170 35 Fjcrldssetters
614 1413 71 27 Evne
716 1414 27 26 til
775 1417 27 22 at
831 1413 121 30 udstraale

18 1457 111 26 Varmen
149 1459 76 24 endnu
244 1463 62 19 mere
317 1456 26 26 til
354 1461 26 21 at
399 1456 192 34 Sncegrcrndsen
610 1457 78 33 stiger.
728 1457 116 31 Denstore
862 1455 89 34 Fjceld-

18 1501 75 31 siette,
112 1502 42 24 der
171 1502 75 24 under
257 1499 74 26 Navn
350 1499 29 32 af
387 1500 238 34 Hardangervidde»
643 1501 135 30 udstrcekkcr
797 1501 32 33 sig
848 1503 105 24 omtrent

18 1543 102 28 imellem
151 1546 34 22 bli
210 1551 30 26 og
256 1542 49 35 bli^
331 1551 24 19 n.
373 1544 49 26 Br.
446 1551 30 27 og
494 1544 100 28 imellem
620 1547 32 24 26
677 1552 30 27 og
726 1546 51 34 26H
796 1551 23 20 e.
836 1543 35 33 L.,
889 1542 63 35 viser
