1082 1737
474 39 35 26 57

27 114 113 28 haanden
160 112 48 30 som
230 113 44 24 den
293 110 54 32 hcde
368 109 124 31 Luftstwm
512 117 102 18 narmer
631 110 33 32 sig
682 110 121 32 Polernes
820 109 63 27 kolde
895 107 64 32 Luft,

27 159 69 24 lader
116 160 44 22 dcn
178 156 79 25 endeel
276 153 26 31 af
322 156 32 29 sin
373 154 102 30 Varme,
493 153 75 25 bliver
589 156 91 22 tcrttere
701 161 29 25 og
749 154 80 32 synker
846 155 43 24 ned
906 154 53 24 mod

27 201 107 30 Jorden,
154 199 123 32 hvorimod
297 201 43 23 den
360 197 64 27 kolde
436 196 136 32 Luftstrom,
590 199 44 23 ved
653 202 25 20 at
698 203 89 19 ncrrme
806 198 33 33 sig
859 196 100 33 A3qva-

27 250 49 24 tor,
95 243 108 30 ophedcs
224 250 29 26 og
274 242 68 33 stiger
359 248 40 24 op,
420 239 38 32 for
472 244 26 21 at
518 243 75 23 vende
617 240 88 32 lilbage
735 239 8 27 i
772 244 22 21 et
826 240 134 34 bcstandigt

27 286 132 30 Kredslsb.
213 286 82 33 Noget
325 283 114 34 Lignende
465 283 76 33 sinder
568 284 67 27 Sted
665 286 53 24 med
747 283 213 33 Havstrømmene;

27 338 54 20 men
110 329 79 31 disses
218 329 45 26 Lob
294 335 25 19 er
347 328 67 31 langt
439 326 90 28 mindre
559 328 183 33 regelmcessigt,
775 329 31 24 da
826 329 26 23 de
873 328 87 30 ncrsten

28 374 95 26 overalt
142 373 61 30 stode
220 380 50 24 paa
283 370 159 34 Hindringer,
459 370 48 31 som
527 370 71 34 idelig
617 370 118 32 forandre
754 373 70 24 deres
843 370 116 33 Retning.

27 417 46 27 Vel
100 415 76 35 sinder
202 418 62 25 dette
287 414 72 35 ogsaa
378 414 93 27 tildecls
494 413 65 28 Sted
580 417 51 24 med
649 414 98 34 Hensyn
775 414 28 27 til
820 413 139 31 Luftstrsm-

27 468 76 23 mene,
131 467 61 19 naar
220 462 27 24 de
273 460 62 30 stode
354 460 57 24 mod
436 457 48 31 hsit
501 457 164 34 fremragende
686 458 90 33 Fjcrlde
794 458 56 27 eller
869 456 89 35 Fjcrld-

27 504 90 33 kjeder;
154 511 54 19 men
237 505 75 25 denne
331 502 155 33 Forandring
506 509 25 19 er
550 504 47 31 dog
617 502 60 26 kuns
698 502 70 26 local.
821 501 68 27 Man
916 502 45 28 har

27 547 134 30 demcrrket,
188 551 25 21 at
239 553 63 19 naar
320 545 95 27 Vinden
434 552 50 25 paa
502 547 45 25 den
572 545 107 33 nordlige
699 545 135 33 Halvkugle
853 552 28 20 en
900 545 59 33 lang

26 590 50 27 Tid
97 592 44 28 har
159 591 63 29 blcrst
241 589 39 33 fra
298 589 45 31 N.,
365 595 61 27 gaar
446 591 44 24 den
507 589 44 26 ikke
570 596 38 18 om
627 589 27 26 til
672 588 72 31 NV.,
765 596 54 19 men
840 588 28 27 til
888 589 71 30 ND-,

27 642 30 25 og
74 633 118 34 igjennem
210 633 45 30 V-,
273 632 36 27 S.
330 639 32 27 og
382 632 31 26 V.
434 632 88 33 tilbage
542 631 63 34 igjen
624 632 28 26 til
662 631 33 27 N.
733 632 57 32 Paa
808 634 44 24 den
869 632 90 34 sydlige

26 677 137 34 Halvkugle
187 676 64 26 lober
273 676 106 26 derimod
397 676 94 26 Vinden
510 675 39 32 fra
564 676 34 25 N.
615 675 8 27 i
648 675 94 29 modsat
765 675 109 34 Retning
903 683 56 19 over

26 721 43 31 V.,
88 720 35 27 S.
143 727 32 26 og
196 720 34 29 V.
250 719 88 34 tildage
356 719 61 34 igjen
437 719 27 26 til
480 718 238 34 sitUdgangspunct.
754 719 76 26 Dette
845 724 114 21 meteoro-

25 764 82 34 logiske
126 763 150 33 Phcrnomen
297 770 24 18 er
341 762 56 30 fsrst
417 762 7 27 i
447 765 45 25 den
514 769 71 26 nyere
608 761 49 28 Tid
687 763 71 32 bragt
787 762 26 26 til
839 762 120 32 Klarhed.

25 806 87 35 Ifolge
139 809 45 23 den
214 805 101 33 ovenfor
344 806 120 33 opstillede
482 806 76 33 Regel
585 813 24 18 er
632 808 44 24 den
697 808 45 24 ved
761 805 198 29 Solstraalernes

26 850 166 33 Indvirkning
223 857 48 25 paa
296 850 88 26 Landet
406 848 148 33 frembragte
573 849 216 34 Varmeudvikling
808 850 80 31 storre,
915 852 44 24 end

26 895 56 28 den,
108 895 42 24 der
170 892 101 34 opstiger
289 892 39 33 fra
346 892 90 34 Havet,
468 892 100 32 hvorfor
587 893 45 26 alle
649 896 29 22 de
697 892 76 27 Lande
800 892 8 27 i
831 895 45 24 den
899 897 60 22 tem-

25 939 111 30 pererede
154 935 75 32 Zone,
246 935 51 33 som
318 937 61 29 have
396 939 22 23 et
436 935 8 27 i
462 938 39 24 det
519 936 56 32 hede
596 935 132 31 lordbelte
745 936 135 34 beliggende
893 936 65 27 Con-

27 981 76 26 tinent
119 982 45 24 ved
184 979 84 27 Siden
284 979 30 31 af
326 980 44 32 sig,
390 979 60 33 have
467 987 29 19 en
513 979 135 34 gunstigere
667 979 110 34 Stilling
799 982 44 24 end
862 983 37 29 de,
909 980 49 32 som

25 1023 106 35 grcrndse
152 1023 28 27 til
199 1026 21 23 et
240 1022 84 33 tropisk
342 1023 68 32 Hav,
429 1021 65 31 fordi
514 1026 45 23 den
578 1022 161 33 nedsynkende
761 1024 55 28 hede
832 1023 67 27 Vind
919 1023 39 27 til-

26 1067 63 33 fsrer
109 1067 53 32 hine
179 1070 24 22 et
224 1067 71 30 sterre
312 1066 134 26 Qvantum
466 1066 92 26 Varme
585 1069 44 23 end
650 1066 72 33 disse,
751 1066 51 31 iscrr
830 1067 56 32 hvis
913 1069 46 25 den

28 1112 58 28 hede
107 1110 128 30 Luftstrom
264 1117 24 18 er
315 1111 109 31 opstegen
446 1109 39 31 fra
509 1116 28 19 en
556 1117 87 25 nogen,
668 1109 129 33 ufrugtbar
816 1110 141 30 lordbund.

25 1155 44 26 Da
96 1154 108 32 saaledrs
225 1153 99 31 Afrikas
353 1153 126 33 Fastland,
500 1156 51 24 med
571 1154 79 25 dettes
672 1153 80 30 Drken
772 1153 117 31 Sahara,
915 1158 43 24 ud-

25 1197 51 34 gjor
93 1200 39 24 det
153 1197 98 31 tropiske
269 1196 116 34 Nabolag
404 1197 28 26 til
454 1196 112 32 Europa,
585 1204 24 18 er
629 1200 75 23 denne
718 1197 165 28 Verdensdeel
900 1207 58 19 var-

25 1248 62 19 mere
107 1243 43 24 end
169 1243 44 23 den
232 1247 44 23 nye
296 1240 112 27 Verdens
431 1240 107 32 nordlige
561 1240 129 33 Halvdeel,
717 1244 41 23 der
785 1243 45 26 har
858 1247 22 21 et
902 1243 56 26 stort

26 1285 85 27 Ocean
130 1292 48 24 paa
202 1285 58 25 hver
277 1283 73 30 Eide,
375 1284 106 31 hvorhos
501 1282 252 34 Missisippi-Dalens
777 1286 73 31 uhyre
868 1285 89 28 Gras-

26 1328 103 30 marker,
156 1330 27 23 de
208 1327 116 31 saakaldte
344 1327 120 32 Prairier,
493 1330 133 29 opvarmes
645 1329 68 32 langt
732 1328 92 26 mindre
843 1333 43 22 end
906 1330 53 30 ør-

25 1373 85 27 kenens
134 1371 86 27 Sand.
257 1370 128 26 Saaledes
404 1371 45 30 har
469 1375 18 21 t.
505 1370 44 34 Ex.
570 1371 98 32 Norges
687 1371 102 32 Vestkyst
808 1375 73 24 under

25 1424 25 19 n.
69 1417 45 26 Br.
135 1423 28 18 en
182 1413 87 34 ligesaa
288 1413 37 32 hoi
344 1413 249 33 Middeltemperatur
621 1414 48 31 som
688 1414 109 27 Qvebcck
825 1415 7 26 i
853 1415 105 28 Canada

25 1462 75 25 under
119 1459 51 33 46Z
257 1458 47 26 Br.
350 1457 148 27 Grsnlands
516 1457 132 33 Sydspidse
674 1457 77 33 ligger
772 1460 76 25 under
869 1459 89 33 samme

25 1504 146 33 Bredegrad
189 1502 50 32 som
255 1500 158 34 Christiania;
438 1508 53 20 men
510 1501 90 31 hvilken
618 1501 159 33 forbausende
793 1502 103 33 Forstjel
911 1504 46 33 sin-

23 1548 42 26 der
93 1547 43 28 ikke
161 1546 66 28 Sted
254 1544 102 28 imellem
384 1544 61 33 disse
474 1549 24 23 to
518 1544 111 28 Eteders
648 1545 144 35 Vegetation
812 1554 31 27 og
861 1547 96 29 Klima!
