1082 1742
568 41 34 27 58

117 112 44 28 Til
173 115 155 24 ovennevnte
344 110 91 35 vigtigc
447 110 93 36 Aarsag
559 112 27 26 til
598 111 353 34 Isothermernes')Vsining
968 111 84 32 ssutter

117 157 33 33 sig
170 164 27 18 en
215 157 90 28 anden,
320 154 52 31 som
391 157 44 30 har
453 157 34 31 sin
505 155 90 28 Grund
613 156 61 31 deri,
691 161 25 21 at
735 156 82 32 Havet
838 163 26 19 er
884 163 28 19 en
930 157 40 31 slet
987 155 66 26 Var-

117 202 110 27 meleder,
258 207 32 25 og
311 199 83 30 hvilket
413 198 84 31 derfor
513 199 8 26 i
540 201 28 24 de
588 201 161 30 tempererede
765 197 82 33 Zoner
878 207 24 18 er
930 199 89 27 koldere
1045 199 8 26 i

117 242 302 28 Somlner-Maanedcrne
438 251 30 26 og
486 250 110 19 varmere
615 251 37 18 om
671 242 116 27 Vinteren
806 245 44 24 ved
869 241 97 32 Landet,
979 243 73 31 hvor-

117 285 42 33 for
177 288 28 24 de
224 286 94 34 vestlige
337 286 78 26 Vinde
434 286 7 26 i
460 287 146 31 sidstnevnte
625 286 103 27 Aarstid
751 284 81 33 tilfsre
851 288 28 24 de
897 285 87 31 Lande,
1003 284 49 32 som

119 332 29 24 de
171 330 114 33 bestryge,
304 338 27 18 en
352 330 76 31 hsiere
441 329 171 34 Temperatur,
631 333 45 24 end
695 332 28 25 de
741 329 59 32 ester
820 332 45 23 den
886 329 167 34 geographiske

117 373 81 28 Brede
213 373 103 34 egentlig
332 373 74 31 skulde
423 374 99 32 besidde.
556 373 64 28 Men
636 373 63 33 disse
714 373 80 26 Vinde
808 373 54 25 tabe
882 373 171 33 efterhaanden

118 419 70 24 deres
196 417 101 30 Varme,
309 418 99 25 medens
425 418 29 25 de
467 418 77 32 stryge
556 424 56 20 over
618 417 188 27 Continenterne
817 417 151 29 (undertiden
981 417 72 33 ogsaa

120 468 51 25 paa
189 463 44 24 den
251 460 94 33 vestlige
357 460 60 33 Kyst
432 460 58 31 selv,
502 468 63 18 naar
578 463 75 24 denne
669 460 150 34 begrcrndses
838 460 28 31 af
881 460 51 31 hoie
944 460 109 33 Fjcrlde),

121 512 33 26 og
172 505 54 25 tabe
244 507 44 24 den
309 505 101 30 aldeles,
425 503 112 30 forinden
547 504 178 31 Luflstrsmmcn
744 512 76 19 naaer
831 507 45 23 den
893 504 80 33 østlige
984 505 69 33 Kyst.

119 548 120 33 Ligelcdes
257 547 53 27 tabe
330 551 29 23 de
377 549 33 31 sin
429 547 141 34 Fugtighcd,
589 556 29 25 og
637 549 134 33 begunstige
792 556 28 24 og
838 547 109 30 befordre
965 551 87 24 derved

119 592 200 32 Atmosphcrrens
346 592 113 29 Rcenhcd
490 599 29 26 og
547 594 88 24 derved
662 592 74 33 tillige
763 592 125 26 Varmens
911 591 142 32 Udbredelse

118 637 57 25 mod
194 638 43 24 den
258 635 82 32 skyfrie
359 635 240 34 Himmelhvelving.
641 636 94 30 Derfor
752 643 37 19 ere
807 639 27 22 de
852 635 96 32 vestlige
966 634 87 34 Kyster

118 680 10 26 i
148 682 44 23 den
212 679 107 33 nordlige
339 678 150 34 Halvkugles
508 683 159 28 tempercrede
685 678 65 32 Zone
778 683 74 29 meget
882 686 110 19 varmere
1013 686 39 18 om

119 723 129 29 Vinteren,
278 724 43 24 end
342 723 40 25 det
399 721 80 31 Indre
500 721 30 32 af
549 722 108 27 Landene
683 730 49 26 paa
758 722 88 32 samme
873 722 179 34 Bredegrader.

120 767 52 26 Det
191 766 80 30 Indre
292 767 45 29 har
361 767 37 24 vel
418 774 27 18 en
464 767 69 29 sterre
554 766 202 26 Sommervarme
780 769 44 23 end
843 766 125 33 Kysterne,
988 766 64 31 fordi

121 812 28 24 de
171 810 165 31 Solstraaler,
362 808 48 33 som
438 809 65 32 falde
531 817 49 24 paa
602 809 67 32 faste,
686 809 218 34 uigjennemflgtige
929 809 123 34 Legemer,

117 854 93 27 udvikle
229 861 61 18 mere
311 853 106 33 Varme;
443 860 52 19 men
512 855 27 24 de
555 852 55 32 faae
629 855 49 31 doq
699 852 43 27 ikke
763 855 43 24 ved
826 855 44 24 den
889 852 76 33 hoiere
984 853 67 26 Var-

118 901 99 31 megrad
246 905 39 18 om
306 897 147 26 Sommeren
481 904 28 19 en
530 896 41 30 saa
592 895 151 35 tilstrekkelig
763 895 155 34 Erstatning,
942 901 26 21 at
986 895 65 34 Lige-

117 946 67 29 vegt
201 943 86 24 derved
311 942 43 24 kan
371 940 190 33 tilveiebringes.
616 940 95 32 Derfor
740 940 49 26 bsie
810 940 183 32 Isothermerne
1020 941 32 32 sig

119 984 40 32 fra
175 985 83 29 Vesten
282 989 100 21 concavt
403 987 45 24 ned
467 987 56 23 mod
546 987 36 23 det
594 983 80 30 Indre
693 983 28 32 af
737 984 167 32 Fastlandene,
924 992 29 26 og
972 983 80 30 derfor

119 1036 37 19 ere
177 1033 27 22 de
226 1028 81 34 ostlige
327 1027 130 33 Kystlande
477 1034 48 23 paa
545 1029 46 24 den
610 1026 111 35 nordlige
742 1026 136 34 Halvkugle
900 1027 89 27 koldere
1008 1029 45 25 end

117 1075 29 24 de
164 1073 107 33 vestlige,
287 1073 105 30 hvorved
406 1070 140 34 Forskjellen
565 1070 102 27 imellem
686 1072 70 31 Kyst-
776 1078 31 24 og
827 1070 227 33 Fastlands-Klima

119 1116 106 31 opstaar,
259 1115 91 32 hvoraf
373 1118 38 24 det
439 1115 79 33 Forste
538 1121 25 18 er
584 1114 187 32 characteriseret
789 1118 45 22 ved
861 1114 72 26 milde
968 1114 86 27 Vintre

119 1166 30 27 og
178 1163 143 28 tempereret
339 1159 213 28 Svmmervarme,
582 1166 31 25 og
642 1160 38 24 det
699 1158 93 31 Sidste,
811 1158 61 30 samt
890 1158 162 32 Vstkysternes

118 1205 45 24 ved
187 1203 97 33 strenge
316 1203 87 26 Vmrre
429 1211 29 23 og
483 1203 55 30 hede
557 1201 141 27 Sommere.
745 1201 94 33 Derfor
862 1203 45 26 har
934 1200 118 32 Thrond-

119 1245 59 33 hjem
206 1248 75 25 under
310 1247 50 33 63^
448 1247 46 25 Br.
521 1253 28 27 og
578 1245 55 28 Abo
664 1245 8 26 i
693 1244 104 34 Finland
826 1248 75 24 under
926 1246 51 32 Kll^
1024 1251 29 19 en

119 1290 45 33 lige
187 1290 81 34 aarlig
286 1288 258 33 Middeltemperatur.
593 1289 99 32 Bergen
716 1290 43 31 har
780 1288 42 28 ikke
845 1289 88 27 koldere
953 1288 100 26 Vintere

119 1337 44 24 end
182 1334 68 32 Ofen
272 1334 7 26 i
298 1333 112 34 Ungarn,
443 1337 104 22 omtrent
573 1333 47 25 12°
641 1332 132 34 sydligere;
805 1340 30 27 og
863 1332 151 32 Ullensvang
1044 1331 9 27 i

119 1378 115 34 Bergens
258 1377 80 31 Stift,
368 1377 136 33 beliggende
533 1377 76 26 under
634 1375 88 31 samme
747 1377 141 31 Bredcgrad
915 1375 47 32 som
987 1375 65 29 Abo,

120 1421 46 31 har
185 1429 27 19 en
234 1422 86 30 nesten
392 1422 71 30 sterre
480 1419 79 33 aarlig
570 1418 185 28 Middelvarme
775 1422 42 23 end
838 1419 146 31 sidstncrvnte
1002 1419 50 31 Vy,

119 1471 31 27 og
170 1472 55 19 over
244 1466 33 32 2^
289 1465 11 13 °
321 1472 62 18 mere
406 1467 43 23 end
470 1466 39 24 det
528 1467 78 29 meget
628 1463 112 33 sydligere
766 1462 140 33 beliggende
936 1461 45 27 Et.
1001 1461 50 33 Pe-

118 1509 123 30 tersborg,
263 1507 61 31 samt
344 1516 55 18 over
473 1514 63 19 mere
559 1509 44 24 end
621 1506 154 33 Christiania.
822 1505 19 30 I
867 1504 112 27 Sibirien
1010 1511 42 25 op-

119 1551 69 33 horer
214 1551 210 33 Agcrdyrkningen
451 1554 74 25 under
612 1558 23 20 n.
652 1551 56 32 Br.,
739 1557 53 20 men
817 1549 7 26 i
855 1549 85 33 Norge
967 1549 84 33 dyrkes
