1092 1737
571 48 33 27 10

120 124 39 25 det
187 128 24 19 er
237 120 91 27 aldeles
357 119 115 34 urigtigt,
502 126 63 20 naar
588 126 58 20 man
671 119 151 28 udelukkende
853 120 109 33 henfsrcr
991 122 62 25 dette

121 166 76 26 Navn
223 164 27 26 til
271 166 26 23 de
316 163 242 33 Hoidestrekmnger,
583 165 41 24 der
652 171 48 24 paa
730 164 111 26 enkelte
860 164 81 35 Strvg
961 165 92 32 adstille

119 211 28 24 de
175 208 101 33 ostligste
297 207 78 32 norste
396 215 28 25 og
443 210 28 23 de
490 206 113 33 vestligste
630 207 89 32 svenske
742 206 128 31 Dalfsrer.
925 209 128 26 Saaledes

123 253 80 26 kaldes
225 251 7 26 i
253 254 38 23 det
309 253 80 31 gamle
406 250 170 33 Grendscftjel
606 251 101 26 imcllem
730 251 85 33 Norge
839 260 28 24 og
888 252 118 34 Sverige,
1027 251 30 32 af

122 295 172 35 (rimeligviis)
330 295 83 30 1266,
446 294 232 34 Fjeldstrekningen
709 294 102 27 imellem
842 295 151 30 lemteland
1026 304 29 27 og

121 339 217 34 Aangermanland
360 338 130 35 Kjelen;
521 338 8 27 i
553 340 146 28 Østerdalen
728 339 45 29 har
797 345 56 20 man
878 340 177 31 Vildkjslen

121 384 92 26 mellcm
233 385 27 25 de
281 386 26 23 to
328 382 153 34 Hovedelve,
512 385 40 24 der
579 382 66 30 falde
673 382 7 27 i
700 382 105 32 Osenss,
824 382 129 28 Vilden-
984 384 71 30 (eller

119 427 101 27 Nordre
239 426 89 33 Osen-)
349 425 49 27 Elv
416 434 30 25 og
467 427 176 33 Slemmen;
669 429 27 23 de
715 425 124 32 bekjendte,
869 426 28 27 til
925 435 26 18 en
977 427 78 34 Hoide

123 471 28 31 af
170 472 90 26 henved
280 471 91 30 2000^,
390 473 117 29 naaende,
535 471 57 31 Pas
611 470 93 27 mellem
735 470 129 32 Hadeland
892 478 29 26 og
949 470 106 32 Thoten,

123 516 62 30 hvor
204 513 145 28 Landeveien
369 521 32 20 nu
421 521 72 26 gaar,
514 521 28 26 og
564 514 61 30 hvor
643 512 72 35 Kong
733 514 108 26 Sverrer
862 516 40 25 lod
921 516 45 32 sine
979 515 76 27 Skibe

123 561 75 31 drage
220 565 71 24 over,
319 558 81 27 kaldcs
418 557 187 31 Kjol-Veien
632 565 23 19 »:
684 561 43 23 den
757 565 57 19 over
832 557 87 31 Kjolen
948 562 107 30 gaaende

123 601 61 32 Vei,
215 610 31 25 og
266 601 91 31 Passet
377 601 38 31 fra
431 601 138 30 Drkedalcn
596 608 57 19 over
676 601 27 26 til
726 602 84 32 Hevne
829 601 62 31 forbi
909 601 146 31 Sjovatslid

125 653 30 26 og
175 645 110 31 Sjovatn
304 645 82 26 kaldes
407 644 136 32 Sjovats
552 644 131 31 -Kjolen.
719 646 58 32 Paa
792 646 86 32 samme
888 645 96 27 Maade
1003 646 52 32 for-

121 690 83 31 holder
222 692 38 24 det
278 690 32 32 sig
329 688 8 28 i
355 690 90 26 denne
461 688 173 33 Henseende
653 691 52 24 med
721 689 172 29 Benevnelsen

336 733 111 32 betegner
465 732 135 34 oprindelig
619 732 43 27 ikke
678 732 48 33 hele
745 735 45 24 den
804 732 160 33 Fjeldknude,
982 733 73 32 hvor-

121 776 28 26 til
168 784 69 24 nyere
253 776 163 33 Geographer
434 777 122 28 udstrekke
577 779 48 29 det,
646 784 53 19 men
717 776 42 28 kun
778 775 92 33 Passet
888 783 58 20 over
965 776 90 34 Fjeld-

124 820 93 26 marken
236 820 36 31 fra
293 820 85 26 Dovre
396 820 8 26 i
424 819 57 33 Syd
499 819 26 27 til
544 820 86 32 Opdal
648 820 9 26 i
671 819 79 27 Nord.
1027 828 28 19 en

123 864 170 31 Benevnelse,
322 864 48 31 som
397 865 29 25 de
443 863 73 34 Fleste
536 863 97 32 henfore
650 863 26 27 til
700 866 44 24 den
766 864 70 33 lange
854 863 201 35 Fjeldstrekniug

124 909 60 30 heelt
198 907 100 33 sydefter
316 908 92 25 mellem
427 907 115 33 Bergens
561 915 30 25 og
603 907 165 30 Christiamas
787 906 105 32 Stifter,
914 907 94 31 kjendcs
1029 906 28 32 af

124 951 242 26 Gudbrandsdalens
386 951 111 27 Beboere
516 951 43 26 kun
585 951 50 29 som
659 954 22 23 et
700 951 77 26 Navn
796 958 50 24 paa
864 952 44 25 den
925 952 79 32 lange,
1018 951 37 26 be-

123 994 111 33 svcrrlige
246 994 182 34 Fjcrldpassage
446 994 61 31 forbi
520 994 178 27 Enecbrcrerne
718 1001 57 19 over
793 994 28 26 til
839 994 143 27 Sondmore
1001 995 55 27 eller

124 1038 28 26 til
173 1038 146 32 Nordfjord,
346 1038 77 31 altsaa
444 1037 8 28 i
471 1046 27 18 en
518 1038 128 33 sstvestlig,
678 1038 22 26 ei
725 1045 29 19 en
778 1037 136 34 nordsydlig
936 1038 118 34 Retning.

124 1082 39 33 Fi
171 1081 22 27 l
202 1081 51 33 lefj
354 1090 24 17 er
398 1081 43 28 kun
460 1082 91 32 Passet
567 1082 93 25 mellem
679 1081 79 33 Sogn
777 1089 29 25 og
822 1081 108 28 Valdres
949 1090 48 24 paa
1015 1084 40 24 det

124 1125 79 30 Sted,
233 1126 60 32 hvor
312 1126 145 27 Landeveien
475 1133 63 26 gaar
564 1125 6 26 i
589 1126 137 30 Nerheden
754 1125 29 30 af
798 1126 73 33 nogle
890 1125 101 32 Setre,
1014 1128 43 24 der

124 1169 80 27 kaldes
553 1169 34 27 At
605 1176 57 19 man
683 1168 7 27 i
701 1170 149 32 Hardanger
867 1170 127 26 benevner
1010 1172 47 24 den

124 1213 62 27 Dccl
207 1213 28 31 af
250 1212 174 34 Fjeldmassen
719 1213 50 32 som
789 1213 127 27 Beboerne
939 1220 48 25 paa
1012 1215 45 25 den

125 1259 78 24 anden
223 1256 63 27 Eide
307 1256 100 34 Fjeldet
431 1257 8 26 i
460 1256 164 32 Christianias
645 1255 70 32 Stift
746 1257 66 26 kalde
839 1257 218 31 Nordbrotet,

125 1299 233 32 Nordfjeldcne
380 1301 56 27 eller
831 1300 62 32 viser
920 1300 137 30 cndvidere,

126 1348 26 22 at
171 1347 37 23 drt
229 1351 24 19 er
272 1344 129 34 Passagen
421 1346 54 25 mod
492 1344 74 30 Vsten
585 1344 56 26 eller
658 1344 93 31 modsat
773 1351 54 19 over
851 1344 27 26 til
900 1343 159 33 Hardanger,

125 1390 43 24 der
190 1390 45 29 har
255 1389 64 32 givet
340 1389 138 34 Anlrduing
504 1387 28 27 til
562 1387 63 32 disse
646 1387 178 32 Benevnelser.
879 1388 52 25 Det
952 1386 107 27 Samme

127 1430 100 34 gjelder
248 1440 37 17 om
306 1432 192 34 Sogncfjeldet,
519 1433 120 30 hvorover
657 1431 76 27 Veien
754 1439 62 26 gaar
833 1431 39 32 fra
892 1430 167 27 Gudbrands-

127 1476 71 25 dalen
218 1476 26 25 til
264 1475 86 33 Sogn,
371 1483 22 19 o.
411 1475 26 33 fl.
455 1477 49 25 dsl.

198 1519 40 25 De
265 1518 106 34 seregne
401 1519 172 29 Benevnelser
604 1526 48 24 paa
673 1518 191 33 Bjcrgmassens
892 1517 168 33 fremragende

129 1561 55 27 eller
212 1562 7 26 i
249 1564 74 25 andre
350 1562 149 34 Henseender
526 1562 130 34 merkelige
674 1563 107 32 Puncter
800 1568 30 27 og
850 1561 87 33 Toppe
956 1568 37 19 ere
1013 1560 47 32 for-
