<?xml version="1.0" encoding="UTF-8"?>
<alto xmlns:xsi="http://www.w3.org/2001/XMLSchema-instance" xsi:noNamespaceSchemaLocation="//Produksjon5/docworks/docWORKSshare/schema/alto-1-2.xsd" xmlns:xlink="http://www.w3.org/TR/xlink">
	<Description>
		<MeasurementUnit>mm10</MeasurementUnit>
		<OCRProcessing ID="OCRPROCESSING_1">
			<preProcessingStep>
				<processingSoftware>
					<softwareCreator>CCS Content Conversion Specialists GmbH, Germany</softwareCreator>
					<softwareName>CCS docWORKS</softwareName>
					<softwareVersion>6.0-7.25</softwareVersion>
				</processingSoftware>
			</preProcessingStep>
			<ocrProcessingStep>
				<processingSoftware>
					<softwareCreator>ABBYY (BIT Software), Russia</softwareCreator>
					<softwareName>Finereader</softwareName>
				</processingSoftware>
			</ocrProcessingStep>
		</OCRProcessing>
	</Description>
	<Styles>
		<TextStyle ID="TXT_0" FONTSIZE="10" FONTFAMILY="Fraktur" FONTSTYLE="bold"/>
		<TextStyle ID="TXT_1" FONTSIZE="9" FONTFAMILY="Fraktur"/>
		<ParagraphStyle ID="PAR_RIGHT" ALIGN="Right"/>
		<ParagraphStyle ID="PAR_BLOCK" ALIGN="Block"/>
	</Styles>
	<Layout>
		<Page ID="P100" PHYSICAL_IMG_NR="100" HEIGHT="1742" WIDTH="1076" PRINTED_IMG_NR="92">
			<TopMargin ID="P100_TM00001" HPOS="0" VPOS="0" WIDTH="1076" HEIGHT="65">
				<TextBlock ID="P100_TB00001" HPOS="556" VPOS="36" WIDTH="34" HEIGHT="26" STYLEREFS="TXT_0 PAR_RIGHT">
					<TextLine ID="P100_TL00001" HPOS="556" VPOS="37" WIDTH="34" HEIGHT="25">
						<String ID="P100_ST00001" HPOS="556" VPOS="37" WIDTH="34" HEIGHT="25" CONTENT="92" WC="0.69" CC="15"/>
					</TextLine>
				</TextBlock>
			</TopMargin>
			<LeftMargin ID="P100_LM00001" HPOS="0" VPOS="65" WIDTH="108" HEIGHT="1518"/>
			<RightMargin ID="P100_RM00001" HPOS="1048" VPOS="65" WIDTH="28" HEIGHT="1518"/>
			<BottomMargin ID="P100_BM00001" HPOS="0" VPOS="1583" WIDTH="1076" HEIGHT="159"/>
			<PrintSpace ID="P100_PS00001" HPOS="108" VPOS="65" WIDTH="940" HEIGHT="1518">
				<TextBlock ID="P100_TB00002" HPOS="108" VPOS="106" WIDTH="940" HEIGHT="1477" STYLEREFS="TXT_1 PAR_BLOCK">
					<TextLine ID="P100_TL00002" HPOS="110" VPOS="106" WIDTH="929" HEIGHT="37">
						<String ID="P100_ST00002" HPOS="110" VPOS="110" WIDTH="52" HEIGHT="33" CONTENT="hoie" WC="0.81" CC="1600"/>
						<SP ID="P100_SP00001" HPOS="162" VPOS="143" WIDTH="18"/>
						<String ID="P100_ST00003" HPOS="180" VPOS="109" WIDTH="97" HEIGHT="33" CONTENT="Fjølde," WC="0.78" CC="1090031"/>
						<SP ID="P100_SP00002" HPOS="277" VPOS="143" WIDTH="19"/>
						<String ID="P100_ST00004" HPOS="296" VPOS="108" WIDTH="62" HEIGHT="32" CONTENT="hoor" WC="0.89" CC="1300"/>
						<SP ID="P100_SP00003" HPOS="358" VPOS="143" WIDTH="24"/>
						<String ID="P100_ST00005" HPOS="382" VPOS="110" WIDTH="44" HEIGHT="24" CONTENT="den" WC="0.88" CC="013"/>
						<SP ID="P100_SP00004" HPOS="426" VPOS="143" WIDTH="24"/>
						<String ID="P100_ST00006" HPOS="450" VPOS="108" WIDTH="116" HEIGHT="31" CONTENT="ophcldcr" WC="0.95" CC="11120110"/>
						<SP ID="P100_SP00005" HPOS="566" VPOS="143" WIDTH="20"/>
						<String ID="P100_ST00007" HPOS="586" VPOS="109" WIDTH="32" HEIGHT="33" CONTENT="sig" WC="0.85" CC="114"/>
						<SP ID="P100_SP00006" HPOS="618" VPOS="143" WIDTH="20"/>
						<String ID="P100_ST00008" HPOS="638" VPOS="106" WIDTH="7" HEIGHT="27" CONTENT="i" WC="0.96" CC="1"/>
						<SP ID="P100_SP00007" HPOS="645" VPOS="143" WIDTH="24"/>
						<String ID="P100_ST00009" HPOS="669" VPOS="107" WIDTH="196" HEIGHT="33" CONTENT="Snecrcgionen." WC="0.86" CC="1111219101111"/>
						<SP ID="P100_SP00008" HPOS="865" VPOS="143" WIDTH="49"/>
						<String ID="P100_ST00010" HPOS="914" VPOS="109" WIDTH="58" HEIGHT="25" CONTENT="Den" WC="0.78" CC="412"/>
						<SP ID="P100_SP00009" HPOS="972" VPOS="143" WIDTH="19"/>
						<String ID="P100_ST00011" HPOS="991" VPOS="108" WIDTH="48" HEIGHT="31" CONTENT="for" SUBS_TYPE="HypPart1" SUBS_CONTENT="forlader" WC="0.90" CC="1113"/>
						<HYP CONTENT="-"/>
					</TextLine>
					<TextLine ID="P100_TL00003" HPOS="109" VPOS="150" WIDTH="931" HEIGHT="35">
						<String ID="P100_ST00012" HPOS="109" VPOS="156" WIDTH="67" HEIGHT="24" CONTENT="lader" SUBS_TYPE="HypPart2" SUBS_CONTENT="forlader" WC="0.94" CC="01111"/>
						<SP ID="P100_SP00010" HPOS="176" VPOS="180" WIDTH="20"/>
						<String ID="P100_ST00013" HPOS="196" VPOS="152" WIDTH="96" HEIGHT="32" CONTENT="sjeldent" WC="0.89" CC="11311101"/>
						<SP ID="P100_SP00011" HPOS="292" VPOS="184" WIDTH="19"/>
						<String ID="P100_ST00014" HPOS="311" VPOS="151" WIDTH="118" HEIGHT="34" CONTENT="Fjcrldcne" WC="0.88" CC="215211001"/>
						<SP ID="P100_SP00012" HPOS="429" VPOS="185" WIDTH="22"/>
						<String ID="P100_ST00015" HPOS="451" VPOS="159" WIDTH="29" HEIGHT="26" CONTENT="og" WC="0.91" CC="11"/>
						<SP ID="P100_SP00013" HPOS="480" VPOS="185" WIDTH="20"/>
						<String ID="P100_ST00016" HPOS="500" VPOS="159" WIDTH="24" HEIGHT="19" CONTENT="cr" WC="0.89" CC="21"/>
						<SP ID="P100_SP00014" HPOS="524" VPOS="185" WIDTH="20"/>
						<String ID="P100_ST00017" HPOS="544" VPOS="151" WIDTH="7" HEIGHT="26" CONTENT="i" WC="1.00" CC="0"/>
						<SP ID="P100_SP00015" HPOS="551" VPOS="185" WIDTH="23"/>
						<String ID="P100_ST00018" HPOS="574" VPOS="154" WIDTH="39" HEIGHT="24" CONTENT="det" WC="0.91" CC="012"/>
						<SP ID="P100_SP00016" HPOS="613" VPOS="185" WIDTH="23"/>
						<String ID="P100_ST00019" HPOS="636" VPOS="151" WIDTH="94" HEIGHT="33" CONTENT="vestlige" WC="0.79" CC="14110154"/>
						<SP ID="P100_SP00017" HPOS="730" VPOS="185" WIDTH="18"/>
						<String ID="P100_ST00020" HPOS="748" VPOS="152" WIDTH="86" HEIGHT="32" CONTENT="Norge" WC="0.84" CC="32021"/>
						<SP ID="P100_SP00018" HPOS="834" VPOS="185" WIDTH="30"/>
						<String ID="P100_ST00021" HPOS="864" VPOS="150" WIDTH="120" HEIGHT="35" CONTENT="temmelig" WC="0.94" CC="11111011"/>
						<SP ID="P100_SP00019" HPOS="984" VPOS="185" WIDTH="20"/>
						<String ID="P100_ST00022" HPOS="1004" VPOS="153" WIDTH="36" HEIGHT="25" CONTENT="al" SUBS_TYPE="HypPart1" SUBS_CONTENT="almindelig" WC="0.96" CC="101"/>
						<HYP CONTENT="-"/>
					</TextLine>
					<TextLine ID="P100_TL00004" HPOS="109" VPOS="195" WIDTH="932" HEIGHT="34">
						<String ID="P100_ST00023" HPOS="109" VPOS="196" WIDTH="113" HEIGHT="33" CONTENT="mindelig" SUBS_TYPE="HypPart2" SUBS_CONTENT="almindelig" WC="0.93" CC="11211111"/>
						<SP ID="P100_SP00020" HPOS="222" VPOS="229" WIDTH="24"/>
						<String ID="P100_ST00024" HPOS="246" VPOS="203" WIDTH="48" HEIGHT="24" CONTENT="paa" WC="0.80" CC="142"/>
						<SP ID="P100_SP00021" HPOS="294" VPOS="229" WIDTH="24"/>
						<String ID="P100_ST00025" HPOS="318" VPOS="196" WIDTH="74" HEIGHT="32" CONTENT="disse," WC="0.84" CC="106011"/>
						<SP ID="P100_SP00022" HPOS="392" VPOS="229" WIDTH="30"/>
						<String ID="P100_ST00026" HPOS="422" VPOS="203" WIDTH="54" HEIGHT="18" CONTENT="men" WC="0.90" CC="111"/>
						<SP ID="P100_SP00023" HPOS="476" VPOS="229" WIDTH="18"/>
						<String ID="P100_ST00027" HPOS="494" VPOS="195" WIDTH="156" HEIGHT="32" CONTENT="forekommer" WC="0.88" CC="1411112112"/>
						<SP ID="P100_SP00024" HPOS="650" VPOS="229" WIDTH="18"/>
						<String ID="P100_ST00028" HPOS="668" VPOS="196" WIDTH="99" HEIGHT="31" CONTENT="sjeldent" WC="0.94" CC="11101111"/>
						<SP ID="P100_SP00025" HPOS="767" VPOS="229" WIDTH="19"/>
						<String ID="P100_ST00029" HPOS="786" VPOS="195" WIDTH="8" HEIGHT="26" CONTENT="i" WC="0.89" CC="1"/>
						<SP ID="P100_SP00026" HPOS="794" VPOS="229" WIDTH="18"/>
						<String ID="P100_ST00030" HPOS="812" VPOS="197" WIDTH="27" HEIGHT="25" CONTENT="de" WC="0.91" CC="11"/>
						<SP ID="P100_SP00027" HPOS="839" VPOS="229" WIDTH="18"/>
						<String ID="P100_ST00031" HPOS="857" VPOS="195" WIDTH="101" HEIGHT="27" CONTENT="beboede" WC="0.95" CC="1101101"/>
						<SP ID="P100_SP00028" HPOS="958" VPOS="229" WIDTH="18"/>
						<String ID="P100_ST00032" HPOS="976" VPOS="196" WIDTH="65" HEIGHT="26" CONTENT="Dal" SUBS_TYPE="HypPart1" SUBS_CONTENT="Daldygder." WC="0.94" CC="1102"/>
						<HYP CONTENT="-"/>
					</TextLine>
					<TextLine ID="P100_TL00005" HPOS="110" VPOS="239" WIDTH="932" HEIGHT="33">
						<String ID="P100_ST00033" HPOS="110" VPOS="242" WIDTH="98" HEIGHT="30" CONTENT="dygder." SUBS_TYPE="HypPart2" SUBS_CONTENT="Daldygder." WC="0.95" CC="2111100"/>
						<SP ID="P100_SP00029" HPOS="208" VPOS="272" WIDTH="48"/>
						<String ID="P100_ST00034" HPOS="256" VPOS="239" WIDTH="131" HEIGHT="33" CONTENT="Forourigt" WC="0.90" CC="111411111"/>
						<SP ID="P100_SP00030" HPOS="387" VPOS="272" WIDTH="25"/>
						<String ID="P100_ST00035" HPOS="412" VPOS="239" WIDTH="76" HEIGHT="32" CONTENT="felger" WC="0.85" CC="150111"/>
						<SP ID="P100_SP00031" HPOS="488" VPOS="272" WIDTH="26"/>
						<String ID="P100_ST00036" HPOS="514" VPOS="241" WIDTH="42" HEIGHT="24" CONTENT="den" WC="0.90" CC="112"/>
						<SP ID="P100_SP00032" HPOS="556" VPOS="272" WIDTH="20"/>
						<String ID="P100_ST00037" HPOS="576" VPOS="239" WIDTH="142" HEIGHT="30" CONTENT="Vildrenen," WC="0.92" CC="2100211111"/>
						<SP ID="P100_SP00033" HPOS="718" VPOS="272" WIDTH="31"/>
						<String ID="P100_ST00038" HPOS="749" VPOS="239" WIDTH="56" HEIGHT="32" CONTENT="hvis" WC="0.94" CC="1110"/>
						<SP ID="P100_SP00034" HPOS="805" VPOS="272" WIDTH="24"/>
						<String ID="P100_ST00039" HPOS="829" VPOS="239" WIDTH="105" HEIGHT="33" CONTENT="farligste" WC="0.95" CC="110001111"/>
						<SP ID="P100_SP00035" HPOS="934" VPOS="272" WIDTH="20"/>
						<String ID="P100_ST00040" HPOS="954" VPOS="239" WIDTH="88" HEIGHT="33" CONTENT="Fiende" WC="0.94" CC="101111"/>
					</TextLine>
					<TextLine ID="P100_TL00006" HPOS="109" VPOS="282" WIDTH="932" HEIGHT="35">
						<String ID="P100_ST00041" HPOS="109" VPOS="286" WIDTH="45" HEIGHT="23" CONTENT="den" WC="0.97" CC="101"/>
						<SP ID="P100_SP00036" HPOS="154" VPOS="309" WIDTH="22"/>
						<String ID="P100_ST00042" HPOS="176" VPOS="290" WIDTH="37" HEIGHT="27" CONTENT="er;" WC="0.91" CC="121"/>
						<SP ID="P100_SP00037" HPOS="213" VPOS="317" WIDTH="27"/>
						<String ID="P100_ST00043" HPOS="240" VPOS="286" WIDTH="46" HEIGHT="31" CONTENT="dog" WC="0.96" CC="110"/>
						<SP ID="P100_SP00038" HPOS="286" VPOS="317" WIDTH="24"/>
						<String ID="P100_ST00044" HPOS="310" VPOS="290" WIDTH="61" HEIGHT="26" CONTENT="gaar" WC="0.88" CC="2121"/>
						<SP ID="P100_SP00039" HPOS="371" VPOS="317" WIDTH="20"/>
						<String ID="P100_ST00045" HPOS="391" VPOS="286" WIDTH="45" HEIGHT="23" CONTENT="den" WC="0.91" CC="112"/>
						<SP ID="P100_SP00040" HPOS="436" VPOS="317" WIDTH="22"/>
						<String ID="P100_ST00046" HPOS="458" VPOS="288" WIDTH="49" HEIGHT="25" CONTENT="paa" WC="0.94" CC="111"/>
						<SP ID="P100_SP00041" HPOS="507" VPOS="317" WIDTH="20"/>
						<String ID="P100_ST00047" HPOS="527" VPOS="282" WIDTH="84" HEIGHT="26" CONTENT="enkelte" WC="0.94" CC="1111011"/>
						<SP ID="P100_SP00042" HPOS="611" VPOS="317" WIDTH="27"/>
						<String ID="P100_ST00048" HPOS="638" VPOS="283" WIDTH="93" HEIGHT="26" CONTENT="Steder" WC="0.93" CC="111111"/>
						<SP ID="P100_SP00043" HPOS="731" VPOS="317" WIDTH="26"/>
						<String ID="P100_ST00049" HPOS="757" VPOS="282" WIDTH="141" HEIGHT="27" CONTENT="undertiden" WC="0.90" CC="1311110121"/>
						<SP ID="P100_SP00044" HPOS="898" VPOS="317" WIDTH="28"/>
						<String ID="P100_ST00050" HPOS="926" VPOS="285" WIDTH="45" HEIGHT="25" CONTENT="ned" WC="0.96" CC="110"/>
						<SP ID="P100_SP00045" HPOS="971" VPOS="317" WIDTH="30"/>
						<String ID="P100_ST00051" HPOS="1001" VPOS="283" WIDTH="40" HEIGHT="31" CONTENT="fra" WC="0.93" CC="111"/>
					</TextLine>
					<TextLine ID="P100_TL00007" HPOS="110" VPOS="324" WIDTH="931" HEIGHT="36">
						<String ID="P100_ST00052" HPOS="110" VPOS="326" WIDTH="120" HEIGHT="33" CONTENT="Fjceldene" WC="0.91" CC="101400011"/>
						<SP ID="P100_SP00046" HPOS="230" VPOS="359" WIDTH="23"/>
						<String ID="P100_ST00053" HPOS="253" VPOS="335" WIDTH="29" HEIGHT="25" CONTENT="og" WC="0.87" CC="12"/>
						<SP ID="P100_SP00047" HPOS="282" VPOS="360" WIDTH="18"/>
						<String ID="P100_ST00054" HPOS="300" VPOS="327" WIDTH="91" HEIGHT="26" CONTENT="drcrber" WC="0.89" CC="0122211"/>
						<SP ID="P100_SP00048" HPOS="391" VPOS="360" WIDTH="21"/>
						<String ID="P100_ST00055" HPOS="412" VPOS="326" WIDTH="67" HEIGHT="33" CONTENT="Faar" WC="0.94" CC="1111"/>
						<SP ID="P100_SP00049" HPOS="479" VPOS="360" WIDTH="20"/>
						<String ID="P100_ST00056" HPOS="499" VPOS="333" WIDTH="29" HEIGHT="26" CONTENT="og" WC="0.91" CC="11"/>
						<SP ID="P100_SP00050" HPOS="528" VPOS="360" WIDTH="20"/>
						<String ID="P100_ST00057" HPOS="548" VPOS="324" WIDTH="91" HEIGHT="32" CONTENT="Gjeder" WC="0.97" CC="111001"/>
						<SP ID="P100_SP00051" HPOS="639" VPOS="360" WIDTH="25"/>
						<String ID="P100_ST00058" HPOS="664" VPOS="326" WIDTH="7" HEIGHT="27" CONTENT="i" WC="0.96" CC="1"/>
						<SP ID="P100_SP00052" HPOS="671" VPOS="360" WIDTH="22"/>
						<String ID="P100_ST00059" HPOS="693" VPOS="327" WIDTH="105" HEIGHT="25" CONTENT="Dalene." WC="0.94" CC="1200111"/>
						<SP ID="P100_SP00053" HPOS="798" VPOS="360" WIDTH="50"/>
						<String ID="P100_ST00060" HPOS="848" VPOS="327" WIDTH="57" HEIGHT="25" CONTENT="Den" WC="0.94" CC="111"/>
						<SP ID="P100_SP00054" HPOS="905" VPOS="360" WIDTH="20"/>
						<String ID="P100_ST00061" HPOS="925" VPOS="327" WIDTH="116" HEIGHT="26" CONTENT="almindc" SUBS_TYPE="HypPart1" SUBS_CONTENT="almindclige" WC="0.94" CC="10101012"/>
						<HYP CONTENT="-"/>
					</TextLine>
					<TextLine ID="P100_TL00008" HPOS="110" VPOS="369" WIDTH="933" HEIGHT="34">
						<String ID="P100_ST00062" HPOS="110" VPOS="370" WIDTH="45" HEIGHT="33" CONTENT="lige" SUBS_TYPE="HypPart2" SUBS_CONTENT="almindclige" WC="0.98" CC="0010"/>
						<SP ID="P100_SP00055" HPOS="155" VPOS="403" WIDTH="18"/>
						<String ID="P100_ST00063" HPOS="173" VPOS="370" WIDTH="71" HEIGHT="31" CONTENT="Ilder" WC="0.96" CC="10110"/>
						<SP ID="P100_SP00056" HPOS="244" VPOS="403" WIDTH="20"/>
						<String ID="P100_ST00064" HPOS="264" VPOS="371" WIDTH="113" HEIGHT="32" CONTENT="opholder" WC="0.94" CC="21100111"/>
						<SP ID="P100_SP00057" HPOS="377" VPOS="403" WIDTH="17"/>
						<String ID="P100_ST00065" HPOS="394" VPOS="371" WIDTH="32" HEIGHT="32" CONTENT="sig" WC="0.86" CC="221"/>
						<SP ID="P100_SP00058" HPOS="426" VPOS="403" WIDTH="19"/>
						<String ID="P100_ST00066" HPOS="445" VPOS="377" WIDTH="49" HEIGHT="24" CONTENT="paa" WC="0.90" CC="121"/>
						<SP ID="P100_SP00059" HPOS="494" VPOS="403" WIDTH="18"/>
						<String ID="P100_ST00067" HPOS="512" VPOS="369" WIDTH="126" HEIGHT="27" CONTENT="Slcttcrne" WC="0.94" CC="101111121"/>
						<SP ID="P100_SP00060" HPOS="638" VPOS="403" WIDTH="20"/>
						<String ID="P100_ST00068" HPOS="658" VPOS="377" WIDTH="28" HEIGHT="26" CONTENT="og" WC="0.91" CC="21"/>
						<SP ID="P100_SP00061" HPOS="686" VPOS="403" WIDTH="19"/>
						<String ID="P100_ST00069" HPOS="705" VPOS="370" WIDTH="7" HEIGHT="26" CONTENT="i" WC="0.96" CC="1"/>
						<SP ID="P100_SP00062" HPOS="712" VPOS="403" WIDTH="21"/>
						<String ID="P100_ST00070" HPOS="733" VPOS="372" WIDTH="26" HEIGHT="24" CONTENT="de" WC="0.96" CC="11"/>
						<SP ID="P100_SP00063" HPOS="759" VPOS="403" WIDTH="19"/>
						<String ID="P100_ST00071" HPOS="778" VPOS="370" WIDTH="86" HEIGHT="29" CONTENT="laveste" WC="0.93" CC="0111111"/>
						<SP ID="P100_SP00064" HPOS="864" VPOS="403" WIDTH="14"/>
						<String ID="P100_ST00072" HPOS="878" VPOS="369" WIDTH="165" HEIGHT="28" CONTENT="Skovtrakter" WC="0.93" CC="11111121011"/>
					</TextLine>
					<TextLine ID="P100_TL00009" HPOS="110" VPOS="412" WIDTH="930" HEIGHT="36">
						<String ID="P100_ST00073" HPOS="110" VPOS="414" WIDTH="7" HEIGHT="25" CONTENT="i" WC="0.96" CC="1"/>
						<SP ID="P100_SP00065" HPOS="117" VPOS="439" WIDTH="21"/>
						<String ID="P100_ST00074" HPOS="138" VPOS="417" WIDTH="38" HEIGHT="24" CONTENT="det" WC="0.96" CC="110"/>
						<SP ID="P100_SP00066" HPOS="176" VPOS="441" WIDTH="18"/>
						<String ID="P100_ST00075" HPOS="194" VPOS="414" WIDTH="88" HEIGHT="34" CONTENT="sydlige" WC="0.95" CC="0210010"/>
						<SP ID="P100_SP00067" HPOS="282" VPOS="448" WIDTH="18"/>
						<String ID="P100_ST00076" HPOS="300" VPOS="415" WIDTH="97" HEIGHT="33" CONTENT="Norge;" WC="0.94" CC="110101"/>
						<SP ID="P100_SP00068" HPOS="397" VPOS="448" WIDTH="23"/>
						<String ID="P100_ST00077" HPOS="420" VPOS="412" WIDTH="176" HEIGHT="34" CONTENT="F!od-Ildcrcn" WC="0.95" CC="200021001111"/>
						<SP ID="P100_SP00069" HPOS="596" VPOS="448" WIDTH="21"/>
						<String ID="P100_ST00078" HPOS="617" VPOS="413" WIDTH="109" HEIGHT="27" CONTENT="dcrimod" WC="0.96" CC="1110100"/>
						<SP ID="P100_SP00070" HPOS="726" VPOS="448" WIDTH="19"/>
						<String ID="P100_ST00079" HPOS="745" VPOS="413" WIDTH="9" HEIGHT="27" CONTENT="i" WC="0.93" CC="1"/>
						<SP ID="P100_SP00071" HPOS="754" VPOS="448" WIDTH="19"/>
						<String ID="P100_ST00080" HPOS="773" VPOS="413" WIDTH="152" HEIGHT="33" CONTENT="Finmarken." WC="0.92" CC="1012201210"/>
						<SP ID="P100_SP00072" HPOS="925" VPOS="448" WIDTH="48"/>
						<String ID="P100_ST00081" HPOS="973" VPOS="415" WIDTH="67" HEIGHT="26" CONTENT="Rss«" WC="0.76" CC="2413"/>
					</TextLine>
					<TextLine ID="P100_TL00010" HPOS="110" VPOS="457" WIDTH="933" HEIGHT="34">
						<String ID="P100_ST00082" HPOS="110" VPOS="458" WIDTH="77" HEIGHT="27" CONTENT="katten" WC="0.94" CC="100012"/>
						<SP ID="P100_SP00073" HPOS="187" VPOS="485" WIDTH="21"/>
						<String ID="P100_ST00083" HPOS="208" VPOS="458" WIDTH="176" HEIGHT="33" CONTENT="(yermelincn)" WC="0.89" CC="161111101111"/>
						<SP ID="P100_SP00074" HPOS="384" VPOS="491" WIDTH="22"/>
						<String ID="P100_ST00084" HPOS="406" VPOS="465" WIDTH="61" HEIGHT="26" CONTENT="gaar" WC="0.90" CC="2111"/>
						<SP ID="P100_SP00075" HPOS="467" VPOS="491" WIDTH="20"/>
						<String ID="P100_ST00085" HPOS="487" VPOS="457" WIDTH="46" HEIGHT="31" CONTENT="hsit" WC="0.90" CC="0301"/>
						<SP ID="P100_SP00076" HPOS="533" VPOS="491" WIDTH="22"/>
						<String ID="P100_ST00086" HPOS="555" VPOS="464" WIDTH="29" HEIGHT="24" CONTENT="op" WC="0.96" CC="01"/>
						<SP ID="P100_SP00077" HPOS="584" VPOS="491" WIDTH="20"/>
						<String ID="P100_ST00087" HPOS="604" VPOS="457" WIDTH="8" HEIGHT="26" CONTENT="i" WC="0.93" CC="1"/>
						<SP ID="P100_SP00078" HPOS="612" VPOS="491" WIDTH="21"/>
						<String ID="P100_ST00088" HPOS="633" VPOS="457" WIDTH="99" HEIGHT="32" CONTENT="Fjcrldet" WC="0.85" CC="10720011"/>
						<SP ID="P100_SP00079" HPOS="732" VPOS="491" WIDTH="19"/>
						<String ID="P100_ST00089" HPOS="751" VPOS="465" WIDTH="28" HEIGHT="25" CONTENT="og" WC="0.96" CC="11"/>
						<SP ID="P100_SP00080" HPOS="779" VPOS="491" WIDTH="20"/>
						<String ID="P100_ST00090" HPOS="799" VPOS="458" WIDTH="68" HEIGHT="32" CONTENT="langt" WC="0.92" CC="03101"/>
						<SP ID="P100_SP00081" HPOS="867" VPOS="491" WIDTH="23"/>
						<String ID="P100_ST00091" HPOS="890" VPOS="460" WIDTH="54" HEIGHT="24" CONTENT="mod" WC="0.91" CC="201"/>
						<SP ID="P100_SP00082" HPOS="944" VPOS="491" WIDTH="19"/>
						<String ID="P100_ST00092" HPOS="963" VPOS="458" WIDTH="80" HEIGHT="32" CONTENT="Nord," WC="0.96" CC="10001"/>
					</TextLine>
					<TextLine ID="P100_TL00011" HPOS="111" VPOS="500" WIDTH="931" HEIGHT="35">
						<String ID="P100_ST00093" HPOS="111" VPOS="509" WIDTH="31" HEIGHT="26" CONTENT="og" WC="0.93" CC="11"/>
						<SP ID="P100_SP00083" HPOS="142" VPOS="535" WIDTH="19"/>
						<String ID="P100_ST00094" HPOS="161" VPOS="509" WIDTH="24" HEIGHT="18" CONTENT="er" WC="0.98" CC="10"/>
						<SP ID="P100_SP00084" HPOS="185" VPOS="535" WIDTH="19"/>
						<String ID="P100_ST00095" HPOS="204" VPOS="502" WIDTH="120" HEIGHT="32" CONTENT="forovrigt" WC="0.93" CC="010500011"/>
						<SP ID="P100_SP00085" HPOS="324" VPOS="535" WIDTH="16"/>
						<String ID="P100_ST00096" HPOS="340" VPOS="502" WIDTH="101" HEIGHT="26" CONTENT="udbredt" WC="0.93" CC="1021111"/>
						<SP ID="P100_SP00086" HPOS="441" VPOS="535" WIDTH="19"/>
						<String ID="P100_ST00097" HPOS="460" VPOS="507" WIDTH="58" HEIGHT="19" CONTENT="over" WC="0.89" CC="1212"/>
						<SP ID="P100_SP00087" HPOS="518" VPOS="535" WIDTH="19"/>
						<String ID="P100_ST00098" HPOS="537" VPOS="500" WIDTH="48" HEIGHT="33" CONTENT="hele" WC="0.96" CC="1101"/>
						<SP ID="P100_SP00088" HPOS="585" VPOS="535" WIDTH="13"/>
						<String ID="P100_ST00099" HPOS="598" VPOS="500" WIDTH="92" HEIGHT="33" CONTENT="Norge." WC="0.94" CC="111111"/>
						<SP ID="P100_SP00089" HPOS="690" VPOS="535" WIDTH="38"/>
						<String ID="P100_ST00100" HPOS="728" VPOS="500" WIDTH="164" HEIGHT="33" CONTENT="AfMaaren," WC="0.93" CC="311100111"/>
						<SP ID="P100_SP00090" HPOS="892" VPOS="535" WIDTH="19"/>
						<String ID="P100_ST00101" HPOS="911" VPOS="504" WIDTH="40" HEIGHT="23" CONTENT="det" WC="0.94" CC="111"/>
						<SP ID="P100_SP00091" HPOS="951" VPOS="535" WIDTH="19"/>
						<String ID="P100_ST00102" HPOS="970" VPOS="502" WIDTH="72" HEIGHT="30" CONTENT="ssjon" SUBS_TYPE="HypPart1" SUBS_CONTENT="ssjonneste" WC="0.85" CC="220411"/>
						<HYP CONTENT="-"/>
					</TextLine>
					<TextLine ID="P100_TL00012" HPOS="109" VPOS="544" WIDTH="934" HEIGHT="35">
						<String ID="P100_ST00103" HPOS="109" VPOS="545" WIDTH="60" HEIGHT="31" CONTENT="neste" SUBS_TYPE="HypPart2" SUBS_CONTENT="ssjonneste" WC="0.93" CC="11110"/>
						<SP ID="P100_SP00092" HPOS="169" VPOS="576" WIDTH="30"/>
						<String ID="P100_ST00104" HPOS="199" VPOS="545" WIDTH="119" HEIGHT="34" CONTENT="Pattedyr" WC="0.89" CC="11111051"/>
						<SP ID="P100_SP00093" HPOS="318" VPOS="579" WIDTH="29"/>
						<String ID="P100_ST00105" HPOS="347" VPOS="545" WIDTH="8" HEIGHT="27" CONTENT="i" WC="0.93" CC="1"/>
						<SP ID="P100_SP00094" HPOS="355" VPOS="579" WIDTH="25"/>
						<String ID="P100_ST00106" HPOS="380" VPOS="544" WIDTH="101" HEIGHT="34" CONTENT="Norges" WC="0.92" CC="101121"/>
						<SP ID="P100_SP00095" HPOS="481" VPOS="579" WIDTH="19"/>
						<String ID="P100_ST00107" HPOS="500" VPOS="544" WIDTH="92" HEIGHT="30" CONTENT="Skove," WC="0.93" CC="011211"/>
						<SP ID="P100_SP00096" HPOS="592" VPOS="579" WIDTH="25"/>
						<String ID="P100_ST00108" HPOS="617" VPOS="544" WIDTH="77" HEIGHT="33" CONTENT="sindes" WC="0.91" CC="223000"/>
						<SP ID="P100_SP00097" HPOS="694" VPOS="579" WIDTH="31"/>
						<String ID="P100_ST00109" HPOS="725" VPOS="544" WIDTH="43" HEIGHT="27" CONTENT="kun" WC="0.93" CC="111"/>
						<SP ID="P100_SP00098" HPOS="768" VPOS="579" WIDTH="28"/>
						<String ID="P100_ST00110" HPOS="796" VPOS="552" WIDTH="42" HEIGHT="19" CONTENT="een" WC="0.90" CC="111"/>
						<SP ID="P100_SP00099" HPOS="838" VPOS="579" WIDTH="28"/>
						<String ID="P100_ST00111" HPOS="866" VPOS="545" WIDTH="57" HEIGHT="31" CONTENT="Art," WC="0.85" CC="2014"/>
						<SP ID="P100_SP00100" HPOS="923" VPOS="579" WIDTH="31"/>
						<String ID="P100_ST00112" HPOS="954" VPOS="545" WIDTH="89" HEIGHT="33" CONTENT="nemlig" WC="0.94" CC="101101"/>
					</TextLine>
					<TextLine ID="P100_TL00013" HPOS="110" VPOS="588" WIDTH="933" HEIGHT="34">
						<String ID="P100_ST00113" HPOS="110" VPOS="589" WIDTH="174" HEIGHT="26" CONTENT="Skovmaaren" WC="0.94" CC="1111111111"/>
						<SP ID="P100_SP00101" HPOS="284" VPOS="615" WIDTH="12"/>
						<String ID="P100_ST00114" HPOS="296" VPOS="590" WIDTH="205" HEIGHT="32" CONTENT="(Aspemaaren)," WC="0.93" CC="1221111101121"/>
						<SP ID="P100_SP00102" HPOS="501" VPOS="622" WIDTH="25"/>
						<String ID="P100_ST00115" HPOS="526" VPOS="590" WIDTH="42" HEIGHT="24" CONTENT="der" WC="0.95" CC="101"/>
						<SP ID="P100_SP00103" HPOS="568" VPOS="622" WIDTH="17"/>
						<String ID="P100_ST00116" HPOS="585" VPOS="589" WIDTH="117" HEIGHT="31" CONTENT="opholder" WC="0.92" CC="02200112"/>
						<SP ID="P100_SP00104" HPOS="702" VPOS="622" WIDTH="17"/>
						<String ID="P100_ST00117" HPOS="719" VPOS="589" WIDTH="34" HEIGHT="33" CONTENT="sig" WC="0.93" CC="111"/>
						<SP ID="P100_SP00105" HPOS="753" VPOS="622" WIDTH="19"/>
						<String ID="P100_ST00118" HPOS="772" VPOS="588" WIDTH="8" HEIGHT="28" CONTENT="i" WC="0.96" CC="1"/>
						<SP ID="P100_SP00106" HPOS="780" VPOS="622" WIDTH="16"/>
						<String ID="P100_ST00119" HPOS="796" VPOS="590" WIDTH="28" HEIGHT="25" CONTENT="de" WC="0.94" CC="10"/>
						<SP ID="P100_SP00107" HPOS="824" VPOS="622" WIDTH="19"/>
						<String ID="P100_ST00120" HPOS="843" VPOS="589" WIDTH="96" HEIGHT="29" CONTENT="tatttcste" WC="0.85" CC="124401111"/>
						<SP ID="P100_SP00108" HPOS="939" VPOS="622" WIDTH="11"/>
						<String ID="P100_ST00121" HPOS="950" VPOS="589" WIDTH="93" HEIGHT="26" CONTENT="Naale" SUBS_TYPE="HypPart1" SUBS_CONTENT="Naalefkove" WC="0.96" CC="021001"/>
						<HYP CONTENT="-"/>
					</TextLine>
					<TextLine ID="P100_TL00014" HPOS="111" VPOS="631" WIDTH="933" HEIGHT="34">
						<String ID="P100_ST00122" HPOS="111" VPOS="633" WIDTH="65" HEIGHT="30" CONTENT="fkove" SUBS_TYPE="HypPart2" SUBS_CONTENT="Naalefkove" WC="0.93" CC="02111"/>
						<SP ID="P100_SP00109" HPOS="176" VPOS="663" WIDTH="19"/>
						<String ID="P100_ST00123" HPOS="195" VPOS="632" WIDTH="28" HEIGHT="27" CONTENT="til" WC="0.96" CC="101"/>
						<SP ID="P100_SP00110" HPOS="223" VPOS="663" WIDTH="17"/>
						<String ID="P100_ST00124" HPOS="240" VPOS="632" WIDTH="189" HEIGHT="33" CONTENT="Polarcirkelen." WC="0.96" CC="10011001110110"/>
						<SP ID="P100_SP00111" HPOS="429" VPOS="665" WIDTH="48"/>
						<String ID="P100_ST00125" HPOS="477" VPOS="632" WIDTH="113" HEIGHT="26" CONTENT="Odderen" WC="0.95" CC="3000100"/>
						<SP ID="P100_SP00112" HPOS="590" VPOS="665" WIDTH="27"/>
						<String ID="P100_ST00126" HPOS="617" VPOS="639" WIDTH="24" HEIGHT="19" CONTENT="er" WC="0.98" CC="01"/>
						<SP ID="P100_SP00113" HPOS="641" VPOS="665" WIDTH="21"/>
						<String ID="P100_ST00127" HPOS="662" VPOS="633" WIDTH="101" HEIGHT="25" CONTENT="udbredt" WC="0.96" CC="1011110"/>
						<SP ID="P100_SP00114" HPOS="763" VPOS="665" WIDTH="19"/>
						<String ID="P100_ST00128" HPOS="782" VPOS="631" WIDTH="38" HEIGHT="31" CONTENT="fra" WC="0.94" CC="111"/>
						<SP ID="P100_SP00115" HPOS="820" VPOS="665" WIDTH="21"/>
						<String ID="P100_ST00129" HPOS="841" VPOS="634" WIDTH="26" HEIGHT="24" CONTENT="de" WC="0.94" CC="11"/>
						<SP ID="P100_SP00116" HPOS="867" VPOS="665" WIDTH="20"/>
						<String ID="P100_ST00130" HPOS="887" VPOS="631" WIDTH="109" HEIGHT="34" CONTENT="sydligste" WC="0.95" CC="011011001"/>
						<SP ID="P100_SP00117" HPOS="996" VPOS="665" WIDTH="19"/>
						<String ID="P100_ST00131" HPOS="1015" VPOS="632" WIDTH="29" HEIGHT="27" CONTENT="til" WC="1.00" CC="000"/>
					</TextLine>
					<TextLine ID="P100_TL00015" HPOS="110" VPOS="675" WIDTH="934" HEIGHT="35">
						<String ID="P100_ST00132" HPOS="110" VPOS="679" WIDTH="30" HEIGHT="24" CONTENT="de" WC="0.94" CC="10"/>
						<SP ID="P100_SP00118" HPOS="140" VPOS="703" WIDTH="17"/>
						<String ID="P100_ST00133" HPOS="157" VPOS="677" WIDTH="127" HEIGHT="33" CONTENT="nordligste" WC="0.97" CC="1000001110"/>
						<SP ID="P100_SP00119" HPOS="284" VPOS="710" WIDTH="20"/>
						<String ID="P100_ST00134" HPOS="304" VPOS="676" WIDTH="69" HEIGHT="33" CONTENT="Egne" WC="0.94" CC="1110"/>
						<SP ID="P100_SP00120" HPOS="373" VPOS="710" WIDTH="28"/>
						<String ID="P100_ST00135" HPOS="401" VPOS="676" WIDTH="7" HEIGHT="26" CONTENT="i" WC="0.96" CC="1"/>
						<SP ID="P100_SP00121" HPOS="408" VPOS="710" WIDTH="24"/>
						<String ID="P100_ST00136" HPOS="432" VPOS="676" WIDTH="98" HEIGHT="32" CONTENT="Norge," WC="0.94" CC="121110"/>
						<SP ID="P100_SP00122" HPOS="530" VPOS="710" WIDTH="28"/>
						<String ID="P100_ST00137" HPOS="558" VPOS="677" WIDTH="66" HEIGHT="25" CONTENT="dcels" WC="0.96" CC="01100"/>
						<SP ID="P100_SP00123" HPOS="624" VPOS="710" WIDTH="28"/>
						<String ID="P100_ST00138" HPOS="652" VPOS="678" WIDTH="43" HEIGHT="24" CONTENT="ved" WC="0.93" CC="210"/>
						<SP ID="P100_SP00124" HPOS="695" VPOS="710" WIDTH="19"/>
						<String ID="P100_ST00139" HPOS="714" VPOS="675" WIDTH="145" HEIGHT="34" CONTENT="Sokysterne" WC="0.89" CC="1810000111"/>
						<SP ID="P100_SP00125" HPOS="859" VPOS="710" WIDTH="19"/>
						<String ID="P100_ST00140" HPOS="878" VPOS="676" WIDTH="166" HEIGHT="33" CONTENT="(Havodder)," WC="0.96" CC="11110000111"/>
					</TextLine>
					<TextLine ID="P100_TL00016" HPOS="111" VPOS="719" WIDTH="932" HEIGHT="35">
						<String ID="P100_ST00141" HPOS="111" VPOS="721" WIDTH="65" HEIGHT="26" CONTENT="deels" WC="0.97" CC="11001"/>
						<SP ID="P100_SP00126" HPOS="176" VPOS="747" WIDTH="27"/>
						<String ID="P100_ST00142" HPOS="203" VPOS="723" WIDTH="45" HEIGHT="23" CONTENT="ved" WC="0.95" CC="101"/>
						<SP ID="P100_SP00127" HPOS="248" VPOS="747" WIDTH="31"/>
						<String ID="P100_ST00143" HPOS="279" VPOS="720" WIDTH="160" HEIGHT="32" CONTENT="Vasdragene" WC="0.92" CC="3011111100"/>
						<SP ID="P100_SP00128" HPOS="439" VPOS="752" WIDTH="30"/>
						<String ID="P100_ST00144" HPOS="469" VPOS="726" WIDTH="29" HEIGHT="26" CONTENT="og" WC="0.87" CC="21"/>
						<SP ID="P100_SP00129" HPOS="498" VPOS="752" WIDTH="29"/>
						<String ID="P100_ST00145" HPOS="527" VPOS="719" WIDTH="90" HEIGHT="27" CONTENT="Elvene" WC="0.86" CC="401210"/>
						<SP ID="P100_SP00130" HPOS="617" VPOS="752" WIDTH="29"/>
						<String ID="P100_ST00146" HPOS="646" VPOS="719" WIDTH="166" HEIGHT="33" CONTENT="(Flododdcr)." WC="0.96" CC="111001101010"/>
						<SP ID="P100_SP00131" HPOS="812" VPOS="752" WIDTH="56"/>
						<String ID="P100_ST00147" HPOS="868" VPOS="719" WIDTH="175" HEIGHT="35" CONTENT="Grevlingens" WC="0.88" CC="11900011110"/>
					</TextLine>
					<TextLine ID="P100_TL00017" HPOS="112" VPOS="762" WIDTH="932" HEIGHT="35">
						<String ID="P100_ST00148" HPOS="112" VPOS="763" WIDTH="178" HEIGHT="33" CONTENT="Nordgrcrndse" WC="0.89" CC="101101426001"/>
						<SP ID="P100_SP00132" HPOS="290" VPOS="796" WIDTH="31"/>
						<String ID="P100_ST00149" HPOS="321" VPOS="771" WIDTH="23" HEIGHT="18" CONTENT="cr" WC="0.89" CC="21"/>
						<SP ID="P100_SP00133" HPOS="344" VPOS="796" WIDTH="31"/>
						<String ID="P100_ST00150" HPOS="375" VPOS="767" WIDTH="105" HEIGHT="22" CONTENT="omtrent" WC="0.92" CC="2111111"/>
						<SP ID="P100_SP00134" HPOS="480" VPOS="796" WIDTH="23"/>
						<String ID="P100_ST00151" HPOS="503" VPOS="765" WIDTH="44" HEIGHT="24" CONTENT="den" WC="0.97" CC="001"/>
						<SP ID="P100_SP00135" HPOS="547" VPOS="796" WIDTH="21"/>
						<String ID="P100_ST00152" HPOS="568" VPOS="764" WIDTH="65" HEIGHT="32" CONTENT='Kl";' WC="0.40" CC="8582"/>
						<SP ID="P100_SP00136" HPOS="633" VPOS="796" WIDTH="31"/>
						<String ID="P100_ST00153" HPOS="664" VPOS="765" WIDTH="43" HEIGHT="24" CONTENT="den" WC="0.93" CC="002"/>
						<SP ID="P100_SP00137" HPOS="707" VPOS="796" WIDTH="25"/>
						<String ID="P100_ST00154" HPOS="732" VPOS="762" WIDTH="81" HEIGHT="33" CONTENT="sindes" WC="0.94" CC="111110"/>
						<SP ID="P100_SP00138" HPOS="813" VPOS="796" WIDTH="21"/>
						<String ID="P100_ST00155" HPOS="834" VPOS="765" WIDTH="51" HEIGHT="24" CONTENT="blot" WC="0.96" CC="1010"/>
						<SP ID="P100_SP00139" HPOS="885" VPOS="796" WIDTH="18"/>
						<String ID="P100_ST00156" HPOS="903" VPOS="763" WIDTH="8" HEIGHT="26" CONTENT="i" WC="0.93" CC="1"/>
						<SP ID="P100_SP00140" HPOS="911" VPOS="796" WIDTH="17"/>
						<String ID="P100_ST00157" HPOS="928" VPOS="764" WIDTH="116" HEIGHT="33" CONTENT="Dalbyg" SUBS_TYPE="HypPart1" SUBS_CONTENT="Dalbygderne." WC="0.91" CC="1112101"/>
						<HYP CONTENT="-"/>
					</TextLine>
					<TextLine ID="P100_TL00018" HPOS="112" VPOS="805" WIDTH="931" HEIGHT="34">
						<String ID="P100_ST00158" HPOS="112" VPOS="811" WIDTH="78" HEIGHT="23" CONTENT="derne." SUBS_TYPE="HypPart2" SUBS_CONTENT="Dalbygderne." WC="0.97" CC="100110"/>
						<SP ID="P100_SP00141" HPOS="190" VPOS="834" WIDTH="49"/>
						<String ID="P100_ST00159" HPOS="239" VPOS="806" WIDTH="87" HEIGHT="32" CONTENT="Bjsrn," WC="0.83" CC="106012"/>
						<SP ID="P100_SP00142" HPOS="326" VPOS="838" WIDTH="24"/>
						<String ID="P100_ST00160" HPOS="350" VPOS="805" WIDTH="143" HEIGHT="34" CONTENT="Myrbjorn," WC="0.88" CC="111215111"/>
						<SP ID="P100_SP00143" HPOS="493" VPOS="839" WIDTH="19"/>
						<String ID="P100_ST00161" HPOS="512" VPOS="806" WIDTH="148" HEIGHT="31" CONTENT="Hestebjl?rn," WC="0.88" CC="501111114111"/>
						<SP ID="P100_SP00144" HPOS="660" VPOS="839" WIDTH="20"/>
						<String ID="P100_ST00162" HPOS="680" VPOS="806" WIDTH="139" HEIGHT="33" CONTENT="Slagbjsrn" WC="0.88" CC="102110601"/>
						<SP ID="P100_SP00145" HPOS="819" VPOS="839" WIDTH="31"/>
						<String ID="P100_ST00163" HPOS="850" VPOS="808" WIDTH="56" HEIGHT="25" CONTENT="eller" WC="0.97" CC="01111"/>
						<SP ID="P100_SP00146" HPOS="906" VPOS="839" WIDTH="26"/>
						<String ID="P100_ST00164" HPOS="932" VPOS="806" WIDTH="111" HEIGHT="33" CONTENT="Ildgjer" SUBS_TYPE="HypPart1" SUBS_CONTENT="Ildgjerningsdyr" WC="0.88" CC="10014013"/>
						<HYP CONTENT="-"/>
					</TextLine>
					<TextLine ID="P100_TL00019" HPOS="111" VPOS="850" WIDTH="932" HEIGHT="34">
						<String ID="P100_ST00165" HPOS="111" VPOS="850" WIDTH="121" HEIGHT="33" CONTENT="ningsdyr" SUBS_TYPE="HypPart2" SUBS_CONTENT="Ildgjerningsdyr" WC="0.87" CC="20311221"/>
						<SP ID="P100_SP00147" HPOS="232" VPOS="883" WIDTH="24"/>
						<String ID="P100_ST00166" HPOS="256" VPOS="858" WIDTH="23" HEIGHT="18" CONTENT="cr" WC="0.93" CC="11"/>
						<SP ID="P100_SP00148" HPOS="279" VPOS="883" WIDTH="25"/>
						<String ID="P100_ST00167" HPOS="304" VPOS="859" WIDTH="40" HEIGHT="17" CONTENT="ccn" WC="0.95" CC="110"/>
						<SP ID="P100_SP00149" HPOS="344" VPOS="883" WIDTH="19"/>
						<String ID="P100_ST00168" HPOS="363" VPOS="859" WIDTH="28" HEIGHT="24" CONTENT="og" WC="0.93" CC="11"/>
						<SP ID="P100_SP00150" HPOS="391" VPOS="883" WIDTH="19"/>
						<String ID="P100_ST00169" HPOS="410" VPOS="850" WIDTH="88" HEIGHT="29" CONTENT="samme" WC="0.94" CC="01110"/>
						<SP ID="P100_SP00151" HPOS="498" VPOS="883" WIDTH="19"/>
						<String ID="P100_ST00170" HPOS="517" VPOS="850" WIDTH="55" HEIGHT="29" CONTENT="Art," WC="0.90" CC="2111"/>
						<SP ID="P100_SP00152" HPOS="572" VPOS="883" WIDTH="20"/>
						<String ID="P100_ST00171" HPOS="592" VPOS="857" WIDTH="53" HEIGHT="18" CONTENT="men" WC="0.91" CC="111"/>
						<SP ID="P100_SP00153" HPOS="645" VPOS="883" WIDTH="21"/>
						<String ID="P100_ST00172" HPOS="666" VPOS="852" WIDTH="52" HEIGHT="23" CONTENT="med" WC="0.94" CC="111"/>
						<SP ID="P100_SP00154" HPOS="718" VPOS="883" WIDTH="24"/>
						<String ID="P100_ST00173" HPOS="742" VPOS="850" WIDTH="136" HEIGHT="33" CONTENT="forskjellige" WC="0.90" CC="002151211111"/>
						<SP ID="P100_SP00155" HPOS="878" VPOS="883" WIDTH="19"/>
						<String ID="P100_ST00174" HPOS="897" VPOS="851" WIDTH="146" HEIGHT="33" CONTENT="Farve-Va" SUBS_TYPE="HypPart1" SUBS_CONTENT="Farve-Variationer." WC="0.79" CC="111112157"/>
						<HYP CONTENT="-"/>
					</TextLine>
					<TextLine ID="P100_TL00020" HPOS="112" VPOS="893" WIDTH="931" HEIGHT="35">
						<String ID="P100_ST00175" HPOS="112" VPOS="893" WIDTH="124" HEIGHT="27" CONTENT="riationer." SUBS_TYPE="HypPart2" SUBS_CONTENT="Farve-Variationer." WC="0.94" CC="1022101100"/>
						<SP ID="P100_SP00156" HPOS="236" VPOS="920" WIDTH="36"/>
						<String ID="P100_ST00176" HPOS="272" VPOS="894" WIDTH="115" HEIGHT="30" CONTENT="Bjsrncn," WC="0.87" CC="11611012"/>
						<SP ID="P100_SP00157" HPOS="387" VPOS="924" WIDTH="22"/>
						<String ID="P100_ST00177" HPOS="409" VPOS="893" WIDTH="77" HEIGHT="26" CONTENT="Ulven" WC="0.83" CC="60021"/>
						<SP ID="P100_SP00158" HPOS="486" VPOS="924" WIDTH="21"/>
						<String ID="P100_ST00178" HPOS="507" VPOS="901" WIDTH="28" HEIGHT="24" CONTENT="og" WC="0.93" CC="11"/>
						<SP ID="P100_SP00159" HPOS="535" VPOS="925" WIDTH="10"/>
						<String ID="P100_ST00179" HPOS="545" VPOS="894" WIDTH="93" HEIGHT="25" CONTENT="Rcrvcn" WC="0.75" CC="435111"/>
						<SP ID="P100_SP00160" HPOS="638" VPOS="925" WIDTH="19"/>
						<String ID="P100_ST00180" HPOS="657" VPOS="901" WIDTH="61" HEIGHT="25" CONTENT="gaae" WC="0.84" CC="1411"/>
						<SP ID="P100_SP00161" HPOS="718" VPOS="926" WIDTH="19"/>
						<String ID="P100_ST00181" HPOS="737" VPOS="902" WIDTH="29" HEIGHT="24" CONTENT="op" WC="0.87" CC="12"/>
						<SP ID="P100_SP00162" HPOS="766" VPOS="926" WIDTH="18"/>
						<String ID="P100_ST00182" HPOS="784" VPOS="895" WIDTH="6" HEIGHT="26" CONTENT="i" WC="1.00" CC="0"/>
						<SP ID="P100_SP00163" HPOS="790" VPOS="926" WIDTH="20"/>
						<String ID="P100_ST00183" HPOS="810" VPOS="895" WIDTH="81" HEIGHT="26" CONTENT="Virke-" WC="0.87" CC="411112"/>
						<SP ID="P100_SP00164" HPOS="891" VPOS="926" WIDTH="19"/>
						<String ID="P100_ST00184" HPOS="910" VPOS="902" WIDTH="29" HEIGHT="26" CONTENT="og" WC="0.93" CC="11"/>
						<SP ID="P100_SP00165" HPOS="939" VPOS="928" WIDTH="20"/>
						<String ID="P100_ST00185" HPOS="959" VPOS="895" WIDTH="84" HEIGHT="30" CONTENT="Vidje-" WC="0.78" CC="110029"/>
					</TextLine>
					<TextLine ID="P100_TL00021" HPOS="112" VPOS="937" WIDTH="933" HEIGHT="35">
						<String ID="P100_ST00186" HPOS="112" VPOS="937" WIDTH="138" HEIGHT="34" CONTENT="Regionen," WC="0.90" CC="321021111"/>
						<SP ID="P100_SP00166" HPOS="250" VPOS="971" WIDTH="23"/>
						<String ID="P100_ST00187" HPOS="273" VPOS="946" WIDTH="36" HEIGHT="18" CONTENT="ere" WC="0.93" CC="111"/>
						<SP ID="P100_SP00167" HPOS="309" VPOS="971" WIDTH="20"/>
						<String ID="P100_ST00188" HPOS="329" VPOS="937" WIDTH="121" HEIGHT="32" CONTENT="temmelig" WC="0.94" CC="10211101"/>
						<SP ID="P100_SP00168" HPOS="450" VPOS="971" WIDTH="26"/>
						<String ID="P100_ST00189" HPOS="476" VPOS="938" WIDTH="104" HEIGHT="32" CONTENT="hyppige" WC="0.88" CC="1121211"/>
						<SP ID="P100_SP00169" HPOS="580" VPOS="971" WIDTH="27"/>
						<String ID="P100_ST00190" HPOS="607" VPOS="945" WIDTH="29" HEIGHT="23" CONTENT="og" WC="0.87" CC="21"/>
						<SP ID="P100_SP00170" HPOS="636" VPOS="971" WIDTH="24"/>
						<String ID="P100_ST00191" HPOS="660" VPOS="938" WIDTH="112" HEIGHT="26" CONTENT="udbredte" WC="0.89" CC="12111122"/>
						<SP ID="P100_SP00171" HPOS="772" VPOS="971" WIDTH="19"/>
						<String ID="P100_ST00192" HPOS="791" VPOS="939" WIDTH="77" HEIGHT="33" CONTENT="ligctil" WC="0.94" CC="1111111"/>
						<SP ID="P100_SP00172" HPOS="868" VPOS="972" WIDTH="25"/>
						<String ID="P100_ST00193" HPOS="893" VPOS="938" WIDTH="152" HEIGHT="34" CONTENT="Finmarken." WC="0.91" CC="1111112110"/>
					</TextLine>
					<TextLine ID="P100_TL00022" HPOS="112" VPOS="980" WIDTH="933" HEIGHT="35">
						<String ID="P100_ST00194" HPOS="112" VPOS="981" WIDTH="36" HEIGHT="32" CONTENT="As" WC="0.93" CC="11"/>
						<SP ID="P100_SP00173" HPOS="148" VPOS="1013" WIDTH="18"/>
						<String ID="P100_ST00195" HPOS="166" VPOS="982" WIDTH="114" HEIGHT="31" CONTENT="Hunden," WC="0.93" CC="3110101"/>
						<SP ID="P100_SP00174" HPOS="280" VPOS="1013" WIDTH="29"/>
						<String ID="P100_ST00196" HPOS="309" VPOS="981" WIDTH="157" HEIGHT="30" CONTENT="Menneskets" WC="0.78" CC="1261207221"/>
						<SP ID="P100_SP00175" HPOS="466" VPOS="1013" WIDTH="32"/>
						<String ID="P100_ST00197" HPOS="498" VPOS="980" WIDTH="96" HEIGHT="32" CONTENT="trofaste" WC="0.97" CC="11001111"/>
						<SP ID="P100_SP00176" HPOS="594" VPOS="1013" WIDTH="24"/>
						<String ID="P100_ST00198" HPOS="618" VPOS="980" WIDTH="119" HEIGHT="34" CONTENT="Ledsager," WC="0.91" CC="411021100"/>
						<SP ID="P100_SP00177" HPOS="737" VPOS="1014" WIDTH="30"/>
						<String ID="P100_ST00199" HPOS="767" VPOS="982" WIDTH="55" HEIGHT="32" CONTENT="hvis" WC="0.94" CC="1001"/>
						<SP ID="P100_SP00178" HPOS="822" VPOS="1014" WIDTH="31"/>
						<String ID="P100_ST00200" HPOS="853" VPOS="982" WIDTH="192" HEIGHT="33" CONTENT="overordentlige" WC="0.96" CC="11010101101011"/>
					</TextLine>
					<TextLine ID="P100_TL00023" HPOS="112" VPOS="1023" WIDTH="932" HEIGHT="35">
						<String ID="P100_ST00201" HPOS="112" VPOS="1024" WIDTH="141" HEIGHT="31" CONTENT="Udbredclse" WC="0.94" CC="2111101101"/>
						<SP ID="P100_SP00179" HPOS="253" VPOS="1055" WIDTH="19"/>
						<String ID="P100_ST00202" HPOS="272" VPOS="1033" WIDTH="25" HEIGHT="18" CONTENT="er" WC="0.96" CC="01"/>
						<SP ID="P100_SP00180" HPOS="297" VPOS="1055" WIDTH="19"/>
						<String ID="P100_ST00203" HPOS="316" VPOS="1025" WIDTH="115" HEIGHT="30" CONTENT="bekjendt," WC="0.90" CC="211111401"/>
						<SP ID="P100_SP00181" HPOS="431" VPOS="1055" WIDTH="21"/>
						<String ID="P100_ST00204" HPOS="452" VPOS="1023" WIDTH="78" HEIGHT="34" CONTENT="sindes" WC="0.91" CC="111211"/>
						<SP ID="P100_SP00182" HPOS="530" VPOS="1057" WIDTH="21"/>
						<String ID="P100_ST00205" HPOS="551" VPOS="1032" WIDTH="86" HEIGHT="26" CONTENT="mange" WC="0.96" CC="11110"/>
						<SP ID="P100_SP00183" HPOS="637" VPOS="1058" WIDTH="19"/>
						<String ID="P100_ST00206" HPOS="656" VPOS="1025" WIDTH="143" HEIGHT="26" CONTENT="Varieteter." WC="0.92" CC="11101112011"/>
						<SP ID="P100_SP00184" HPOS="799" VPOS="1058" WIDTH="47"/>
						<String ID="P100_ST00207" HPOS="846" VPOS="1026" WIDTH="77" HEIGHT="26" CONTENT="Ulven" WC="0.88" CC="41110"/>
						<SP ID="P100_SP00185" HPOS="923" VPOS="1058" WIDTH="23"/>
						<String ID="P100_ST00208" HPOS="946" VPOS="1025" WIDTH="98" HEIGHT="30" CONTENT="(Graa" SUBS_TYPE="HypPart1" SUBS_CONTENT="(Graabencn)" WC="0.93" CC="101103"/>
						<HYP CONTENT="-"/>
					</TextLine>
					<TextLine ID="P100_TL00024" HPOS="114" VPOS="1068" WIDTH="932" HEIGHT="34">
						<String ID="P100_ST00209" HPOS="114" VPOS="1069" WIDTH="88" HEIGHT="29" CONTENT="bencn)" SUBS_TYPE="HypPart2" SUBS_CONTENT="(Graabencn)" WC="0.87" CC="101611"/>
						<SP ID="P100_SP00186" HPOS="202" VPOS="1098" WIDTH="23"/>
						<String ID="P100_ST00210" HPOS="225" VPOS="1076" WIDTH="25" HEIGHT="19" CONTENT="er" WC="0.94" CC="11"/>
						<SP ID="P100_SP00187" HPOS="250" VPOS="1098" WIDTH="18"/>
						<String ID="P100_ST00211" HPOS="268" VPOS="1069" WIDTH="55" HEIGHT="31" CONTENT="ncrst" WC="0.89" CC="12211"/>
						<SP ID="P100_SP00188" HPOS="323" VPOS="1100" WIDTH="15"/>
						<String ID="P100_ST00212" HPOS="338" VPOS="1069" WIDTH="107" HEIGHT="30" CONTENT="Bjørnen" WC="0.78" CC="3191011"/>
						<SP ID="P100_SP00189" HPOS="445" VPOS="1100" WIDTH="19"/>
						<String ID="P100_ST00213" HPOS="464" VPOS="1070" WIDTH="41" HEIGHT="24" CONTENT="det" WC="0.94" CC="011"/>
						<SP ID="P100_SP00190" HPOS="505" VPOS="1100" WIDTH="18"/>
						<String ID="P100_ST00214" HPOS="523" VPOS="1068" WIDTH="74" HEIGHT="31" CONTENT="stsrste" WC="0.87" CC="1151111"/>
						<SP ID="P100_SP00191" HPOS="597" VPOS="1100" WIDTH="21"/>
						<String ID="P100_ST00215" HPOS="618" VPOS="1069" WIDTH="105" HEIGHT="30" CONTENT="Rovdyr" WC="0.91" CC="310110"/>
						<SP ID="P100_SP00192" HPOS="723" VPOS="1100" WIDTH="18"/>
						<String ID="P100_ST00216" HPOS="741" VPOS="1068" WIDTH="8" HEIGHT="27" CONTENT="i" WC="0.96" CC="1"/>
						<SP ID="P100_SP00193" HPOS="749" VPOS="1100" WIDTH="18"/>
						<String ID="P100_ST00217" HPOS="767" VPOS="1068" WIDTH="110" HEIGHT="33" CONTENT="Europa." WC="0.80" CC="2511151"/>
						<SP ID="P100_SP00194" HPOS="877" VPOS="1101" WIDTH="37"/>
						<String ID="P100_ST00218" HPOS="914" VPOS="1069" WIDTH="132" HEIGHT="33" CONTENT="FsrAaret" WC="0.88" CC="16011010"/>
					</TextLine>
					<TextLine ID="P100_TL00025" HPOS="116" VPOS="1111" WIDTH="929" HEIGHT="35">
						<String ID="P100_ST00219" HPOS="116" VPOS="1115" WIDTH="68" HEIGHT="22" CONTENT="1718" WC="0.64" CC="3327"/>
						<SP ID="P100_SP00195" HPOS="184" VPOS="1137" WIDTH="20"/>
						<String ID="P100_ST00220" HPOS="204" VPOS="1112" WIDTH="91" HEIGHT="29" CONTENT="kjendte" WC="0.85" CC="1116211"/>
						<SP ID="P100_SP00196" HPOS="295" VPOS="1141" WIDTH="19"/>
						<String ID="P100_ST00221" HPOS="314" VPOS="1120" WIDTH="56" HEIGHT="19" CONTENT="man" WC="0.91" CC="121"/>
						<SP ID="P100_SP00197" HPOS="370" VPOS="1141" WIDTH="19"/>
						<String ID="P100_ST00222" HPOS="389" VPOS="1113" WIDTH="72" HEIGHT="33" CONTENT="ingen" WC="0.93" CC="01111"/>
						<SP ID="P100_SP00198" HPOS="461" VPOS="1146" WIDTH="20"/>
						<String ID="P100_ST00223" HPOS="481" VPOS="1111" WIDTH="58" HEIGHT="27" CONTENT="Ulve" WC="0.83" CC="5011"/>
						<SP ID="P100_SP00199" HPOS="539" VPOS="1146" WIDTH="20"/>
						<String ID="P100_ST00224" HPOS="559" VPOS="1119" WIDTH="47" HEIGHT="25" CONTENT="paa" WC="0.91" CC="121"/>
						<SP ID="P100_SP00200" HPOS="606" VPOS="1146" WIDTH="20"/>
						<String ID="P100_ST00225" HPOS="626" VPOS="1112" WIDTH="126" HEIGHT="32" CONTENT="Vestsiden." WC="0.91" CC="1122111121"/>
						<SP ID="P100_SP00201" HPOS="752" VPOS="1146" WIDTH="38"/>
						<String ID="P100_ST00226" HPOS="790" VPOS="1113" WIDTH="131" HEIGHT="30" CONTENT="Skovrcrv," WC="0.83" CC="111117411"/>
						<SP ID="P100_SP00202" HPOS="921" VPOS="1146" WIDTH="24"/>
						<String ID="P100_ST00227" HPOS="945" VPOS="1114" WIDTH="100" HEIGHT="25" CONTENT="Vrand" SUBS_TYPE="HypPart1" SUBS_CONTENT="Vrandrcrv," WC="0.91" CC="210112"/>
						<HYP CONTENT="-"/>
					</TextLine>
					<TextLine ID="P100_TL00026" HPOS="114" VPOS="1155" WIDTH="931" HEIGHT="35">
						<String ID="P100_ST00228" HPOS="114" VPOS="1163" WIDTH="59" HEIGHT="23" CONTENT="rcrv," SUBS_TYPE="HypPart2" SUBS_CONTENT="Vrandrcrv," WC="0.79" CC="15411"/>
						<SP ID="P100_SP00203" HPOS="173" VPOS="1186" WIDTH="30"/>
						<String ID="P100_ST00229" HPOS="203" VPOS="1155" WIDTH="131" HEIGHT="34" CONTENT="Korsrcrv," WC="0.87" CC="111115211"/>
						<SP ID="P100_SP00204" HPOS="334" VPOS="1189" WIDTH="29"/>
						<String ID="P100_ST00230" HPOS="363" VPOS="1156" WIDTH="122" HEIGHT="26" CONTENT="Sortrcrv" WC="0.88" CC="11111231"/>
						<SP ID="P100_SP00205" HPOS="485" VPOS="1189" WIDTH="28"/>
						<String ID="P100_ST00231" HPOS="513" VPOS="1163" WIDTH="36" HEIGHT="17" CONTENT="ere" WC="0.94" CC="110"/>
						<SP ID="P100_SP00206" HPOS="549" VPOS="1189" WIDTH="28"/>
						<String ID="P100_ST00232" HPOS="577" VPOS="1156" WIDTH="50" HEIGHT="25" CONTENT="blot" WC="0.94" CC="1111"/>
						<SP ID="P100_SP00207" HPOS="627" VPOS="1189" WIDTH="26"/>
						<String ID="P100_ST00233" HPOS="653" VPOS="1156" WIDTH="136" HEIGHT="26" CONTENT="Varieteter" WC="0.94" CC="1211111011"/>
						<SP ID="P100_SP00208" HPOS="789" VPOS="1189" WIDTH="30"/>
						<String ID="P100_ST00234" HPOS="819" VPOS="1156" WIDTH="26" HEIGHT="32" CONTENT="af" WC="0.96" CC="11"/>
						<SP ID="P100_SP00209" HPOS="845" VPOS="1189" WIDTH="19"/>
						<String ID="P100_ST00235" HPOS="864" VPOS="1157" WIDTH="94" HEIGHT="33" CONTENT="Farve," WC="0.90" CC="121111"/>
						<SP ID="P100_SP00210" HPOS="958" VPOS="1190" WIDTH="35"/>
						<String ID="P100_ST00236" HPOS="993" VPOS="1165" WIDTH="52" HEIGHT="18" CONTENT="men" WC="0.91" CC="111"/>
					</TextLine>
					<TextLine ID="P100_TL00027" HPOS="114" VPOS="1198" WIDTH="932" HEIGHT="36">
						<String ID="P100_ST00237" HPOS="114" VPOS="1199" WIDTH="42" HEIGHT="27" CONTENT="ikke" WC="0.95" CC="1101"/>
						<SP ID="P100_SP00211" HPOS="156" VPOS="1226" WIDTH="32"/>
						<String ID="P100_ST00238" HPOS="188" VPOS="1198" WIDTH="139" HEIGHT="35" CONTENT="forskjellige" WC="0.88" CC="041061100111"/>
						<SP ID="P100_SP00212" HPOS="327" VPOS="1233" WIDTH="31"/>
						<String ID="P100_ST00239" HPOS="358" VPOS="1201" WIDTH="81" HEIGHT="25" CONTENT="Arter." WC="0.82" CC="700211"/>
						<SP ID="P100_SP00213" HPOS="439" VPOS="1233" WIDTH="56"/>
						<String ID="P100_ST00240" HPOS="495" VPOS="1199" WIDTH="57" HEIGHT="28" CONTENT="Den" WC="0.83" CC="411"/>
						<SP ID="P100_SP00214" HPOS="552" VPOS="1233" WIDTH="29"/>
						<String ID="P100_ST00241" HPOS="581" VPOS="1200" WIDTH="62" HEIGHT="31" CONTENT="sorte" WC="0.95" CC="01102"/>
						<SP ID="P100_SP00215" HPOS="643" VPOS="1233" WIDTH="28"/>
						<String ID="P100_ST00242" HPOS="671" VPOS="1200" WIDTH="85" HEIGHT="34" CONTENT="Dragt" WC="0.96" CC="10011"/>
						<SP ID="P100_SP00216" HPOS="756" VPOS="1234" WIDTH="28"/>
						<String ID="P100_ST00243" HPOS="784" VPOS="1206" WIDTH="101" HEIGHT="27" CONTENT="antager" WC="0.94" CC="1022011"/>
						<SP ID="P100_SP00217" HPOS="885" VPOS="1234" WIDTH="34"/>
						<String ID="P100_ST00244" HPOS="919" VPOS="1204" WIDTH="44" HEIGHT="23" CONTENT="den" WC="0.96" CC="011"/>
						<SP ID="P100_SP00218" HPOS="963" VPOS="1234" WIDTH="30"/>
						<String ID="P100_ST00245" HPOS="993" VPOS="1201" WIDTH="53" HEIGHT="32" CONTENT="iscer" WC="0.90" CC="10221"/>
					</TextLine>
					<TextLine ID="P100_TL00028" HPOS="115" VPOS="1243" WIDTH="931" HEIGHT="35">
						<String ID="P100_ST00246" HPOS="115" VPOS="1243" WIDTH="8" HEIGHT="26" CONTENT="i" WC="0.89" CC="1"/>
						<SP ID="P100_SP00219" HPOS="123" VPOS="1269" WIDTH="21"/>
						<String ID="P100_ST00247" HPOS="144" VPOS="1245" WIDTH="27" HEIGHT="24" CONTENT="de" WC="0.96" CC="10"/>
						<SP ID="P100_SP00220" HPOS="171" VPOS="1269" WIDTH="19"/>
						<String ID="P100_ST00248" HPOS="190" VPOS="1243" WIDTH="112" HEIGHT="34" CONTENT="nordlige" WC="0.95" CC="12101011"/>
						<SP ID="P100_SP00221" HPOS="302" VPOS="1277" WIDTH="17"/>
						<String ID="P100_ST00249" HPOS="319" VPOS="1243" WIDTH="115" HEIGHT="31" CONTENT="Tractcr," WC="0.97" CC="10110010"/>
						<SP ID="P100_SP00222" HPOS="434" VPOS="1277" WIDTH="23"/>
						<String ID="P100_ST00250" HPOS="457" VPOS="1248" WIDTH="17" HEIGHT="21" CONTENT="t." WC="0.94" CC="10"/>
						<SP ID="P100_SP00223" HPOS="474" VPOS="1277" WIDTH="20"/>
						<String ID="P100_ST00251" HPOS="494" VPOS="1243" WIDTH="44" HEIGHT="34" CONTENT="Ex." WC="0.69" CC="171"/>
						<SP ID="P100_SP00224" HPOS="538" VPOS="1277" WIDTH="18"/>
						<String ID="P100_ST00252" HPOS="556" VPOS="1243" WIDTH="7" HEIGHT="26" CONTENT="i" WC="1.00" CC="0"/>
						<SP ID="P100_SP00225" HPOS="563" VPOS="1277" WIDTH="19"/>
						<String ID="P100_ST00253" HPOS="582" VPOS="1243" WIDTH="113" HEIGHT="34" CONTENT="Lofoten;" WC="0.93" CC="40011101"/>
						<SP ID="P100_SP00226" HPOS="695" VPOS="1277" WIDTH="36"/>
						<String ID="P100_ST00254" HPOS="731" VPOS="1251" WIDTH="51" HEIGHT="18" CONTENT="men" WC="0.97" CC="110"/>
						<SP ID="P100_SP00227" HPOS="782" VPOS="1277" WIDTH="26"/>
						<String ID="P100_ST00255" HPOS="808" VPOS="1247" WIDTH="75" HEIGHT="24" CONTENT="denne" WC="0.96" CC="11110"/>
						<SP ID="P100_SP00228" HPOS="883" VPOS="1277" WIDTH="28"/>
						<String ID="P100_ST00256" HPOS="911" VPOS="1245" WIDTH="78" HEIGHT="33" CONTENT="Farve" WC="0.92" CC="11111"/>
						<SP ID="P100_SP00229" HPOS="989" VPOS="1278" WIDTH="33"/>
						<String ID="P100_ST00257" HPOS="1022" VPOS="1252" WIDTH="24" HEIGHT="19" CONTENT="er" WC="0.96" CC="01"/>
					</TextLine>
					<TextLine ID="P100_TL00029" HPOS="115" VPOS="1287" WIDTH="930" HEIGHT="34">
						<String ID="P100_ST00258" HPOS="115" VPOS="1287" WIDTH="84" HEIGHT="31" CONTENT="sjelden" WC="0.94" CC="0210210"/>
						<SP ID="P100_SP00230" HPOS="199" VPOS="1318" WIDTH="30"/>
						<String ID="P100_ST00259" HPOS="229" VPOS="1287" WIDTH="7" HEIGHT="26" CONTENT="i" WC="0.96" CC="1"/>
						<SP ID="P100_SP00231" HPOS="236" VPOS="1318" WIDTH="29"/>
						<String ID="P100_ST00260" HPOS="265" VPOS="1290" WIDTH="28" HEIGHT="23" CONTENT="de" WC="1.00" CC="00"/>
						<SP ID="P100_SP00232" HPOS="293" VPOS="1318" WIDTH="26"/>
						<String ID="P100_ST00261" HPOS="319" VPOS="1288" WIDTH="87" HEIGHT="32" CONTENT="sydlige" WC="0.88" CC="1011141"/>
						<SP ID="P100_SP00233" HPOS="406" VPOS="1320" WIDTH="21"/>
						<String ID="P100_ST00262" HPOS="427" VPOS="1287" WIDTH="78" HEIGHT="34" CONTENT="Egne." WC="0.95" CC="11110"/>
						<SP ID="P100_SP00234" HPOS="505" VPOS="1321" WIDTH="47"/>
						<String ID="P100_ST00263" HPOS="552" VPOS="1288" WIDTH="56" HEIGHT="26" CONTENT="Den" WC="0.95" CC="101"/>
						<SP ID="P100_SP00235" HPOS="608" VPOS="1321" WIDTH="21"/>
						<String ID="P100_ST00264" HPOS="629" VPOS="1294" WIDTH="64" HEIGHT="27" CONTENT="gaar" WC="0.92" CC="1220"/>
						<SP ID="P100_SP00236" HPOS="693" VPOS="1321" WIDTH="19"/>
						<String ID="P100_ST00265" HPOS="712" VPOS="1290" WIDTH="47" HEIGHT="31" CONTENT="dog" WC="0.93" CC="111"/>
						<SP ID="P100_SP00237" HPOS="759" VPOS="1321" WIDTH="20"/>
						<String ID="P100_ST00266" HPOS="779" VPOS="1288" WIDTH="42" HEIGHT="26" CONTENT="ikke" WC="0.98" CC="0110"/>
						<SP ID="P100_SP00238" HPOS="821" VPOS="1321" WIDTH="22"/>
						<String ID="P100_ST00267" HPOS="843" VPOS="1289" WIDTH="40" HEIGHT="31" CONTENT="saa" WC="0.97" CC="010"/>
						<SP ID="P100_SP00239" HPOS="883" VPOS="1321" WIDTH="18"/>
						<String ID="P100_ST00268" HPOS="901" VPOS="1290" WIDTH="67" HEIGHT="31" CONTENT="langt" WC="0.95" CC="01210"/>
						<SP ID="P100_SP00240" HPOS="968" VPOS="1321" WIDTH="21"/>
						<String ID="P100_ST00269" HPOS="989" VPOS="1292" WIDTH="56" HEIGHT="22" CONTENT="mod" WC="0.95" CC="101"/>
					</TextLine>
					<TextLine ID="P100_TL00030" HPOS="115" VPOS="1330" WIDTH="931" HEIGHT="34">
						<String ID="P100_ST00270" HPOS="115" VPOS="1331" WIDTH="69" HEIGHT="27" CONTENT="Nord" WC="0.93" CC="1111"/>
						<SP ID="P100_SP00241" HPOS="184" VPOS="1358" WIDTH="20"/>
						<String ID="P100_ST00271" HPOS="204" VPOS="1330" WIDTH="48" HEIGHT="32" CONTENT="som" WC="0.94" CC="012"/>
						<SP ID="P100_SP00242" HPOS="252" VPOS="1362" WIDTH="20"/>
						<String ID="P100_ST00272" HPOS="272" VPOS="1330" WIDTH="157" HEIGHT="34" CONTENT="Fjaldr^vcn" WC="0.77" CC="0163119111"/>
						<SP ID="P100_SP00243" HPOS="429" VPOS="1364" WIDTH="21"/>
						<String ID="P100_ST00273" HPOS="450" VPOS="1332" WIDTH="55" HEIGHT="26" CONTENT="eller" WC="0.93" CC="11110"/>
						<SP ID="P100_SP00244" HPOS="505" VPOS="1364" WIDTH="19"/>
						<String ID="P100_ST00274" HPOS="524" VPOS="1331" WIDTH="158" HEIGHT="30" CONTENT="Blaarcrvcn," WC="0.90" CC="10111511111"/>
						<SP ID="P100_SP00245" HPOS="682" VPOS="1364" WIDTH="21"/>
						<String ID="P100_ST00275" HPOS="703" VPOS="1333" WIDTH="42" HEIGHT="24" CONTENT="der" WC="0.95" CC="111"/>
						<SP ID="P100_SP00246" HPOS="745" VPOS="1364" WIDTH="18"/>
						<String ID="P100_ST00276" HPOS="763" VPOS="1339" WIDTH="24" HEIGHT="19" CONTENT="er" WC="0.93" CC="11"/>
						<SP ID="P100_SP00247" HPOS="787" VPOS="1364" WIDTH="18"/>
						<String ID="P100_ST00277" HPOS="805" VPOS="1332" WIDTH="108" HEIGHT="32" CONTENT="sneehvid" WC="0.98" CC="01011001"/>
						<SP ID="P100_SP00248" HPOS="913" VPOS="1364" WIDTH="20"/>
						<String ID="P100_ST00278" HPOS="933" VPOS="1339" WIDTH="37" HEIGHT="19" CONTENT="om" WC="0.91" CC="11"/>
						<SP ID="P100_SP00249" HPOS="970" VPOS="1364" WIDTH="15"/>
						<String ID="P100_ST00279" HPOS="985" VPOS="1332" WIDTH="61" HEIGHT="26" CONTENT="Vin" SUBS_TYPE="HypPart1" SUBS_CONTENT="Vinteren" WC="0.93" CC="1002"/>
						<HYP CONTENT="-"/>
					</TextLine>
					<TextLine ID="P100_TL00031" HPOS="115" VPOS="1374" WIDTH="931" HEIGHT="34">
						<String ID="P100_ST00280" HPOS="115" VPOS="1379" WIDTH="64" HEIGHT="22" CONTENT="teren" SUBS_TYPE="HypPart2" SUBS_CONTENT="Vinteren" WC="0.94" CC="11011"/>
						<SP ID="P100_SP00250" HPOS="179" VPOS="1401" WIDTH="20"/>
						<String ID="P100_ST00281" HPOS="199" VPOS="1383" WIDTH="28" HEIGHT="25" CONTENT="og" WC="0.96" CC="11"/>
						<SP ID="P100_SP00251" HPOS="227" VPOS="1408" WIDTH="19"/>
						<String ID="P100_ST00282" HPOS="246" VPOS="1376" WIDTH="121" HEIGHT="32" CONTENT="graablaa" WC="0.87" CC="21143010"/>
						<SP ID="P100_SP00252" HPOS="367" VPOS="1408" WIDTH="22"/>
						<String ID="P100_ST00283" HPOS="389" VPOS="1383" WIDTH="38" HEIGHT="18" CONTENT="om" WC="0.94" CC="11"/>
						<SP ID="P100_SP00253" HPOS="427" VPOS="1408" WIDTH="21"/>
						<String ID="P100_ST00284" HPOS="448" VPOS="1375" WIDTH="156" HEIGHT="26" CONTENT="Sommeren." WC="0.93" CC="111110111"/>
						<SP ID="P100_SP00254" HPOS="604" VPOS="1408" WIDTH="48"/>
						<String ID="P100_ST00285" HPOS="652" VPOS="1376" WIDTH="58" HEIGHT="25" CONTENT="Den" WC="0.88" CC="121"/>
						<SP ID="P100_SP00255" HPOS="710" VPOS="1408" WIDTH="27"/>
						<String ID="P100_ST00286" HPOS="737" VPOS="1374" WIDTH="78" HEIGHT="34" CONTENT="sindes" WC="0.96" CC="110011"/>
						<SP ID="P100_SP00256" HPOS="815" VPOS="1408" WIDTH="28"/>
						<String ID="P100_ST00287" HPOS="843" VPOS="1383" WIDTH="49" HEIGHT="24" CONTENT="paa" WC="0.94" CC="101"/>
						<SP ID="P100_SP00257" HPOS="892" VPOS="1408" WIDTH="25"/>
						<String ID="P100_ST00288" HPOS="917" VPOS="1379" WIDTH="27" HEIGHT="22" CONTENT="de" WC="0.98" CC="10"/>
						<SP ID="P100_SP00258" HPOS="944" VPOS="1408" WIDTH="20"/>
						<String ID="P100_ST00289" HPOS="964" VPOS="1375" WIDTH="82" HEIGHT="32" CONTENT="hsieste" WC="0.88" CC="0500111"/>
					</TextLine>
					<TextLine ID="P100_TL00032" HPOS="116" VPOS="1418" WIDTH="932" HEIGHT="34">
						<String ID="P100_ST00290" HPOS="116" VPOS="1418" WIDTH="90" HEIGHT="32" CONTENT="Fjcrlde" WC="0.85" CC="1063010"/>
						<SP ID="P100_SP00259" HPOS="206" VPOS="1450" WIDTH="25"/>
						<String ID="P100_ST00291" HPOS="231" VPOS="1426" WIDTH="30" HEIGHT="26" CONTENT="og" WC="0.87" CC="12"/>
						<SP ID="P100_SP00260" HPOS="261" VPOS="1452" WIDTH="22"/>
						<String ID="P100_ST00292" HPOS="283" VPOS="1419" WIDTH="7" HEIGHT="27" CONTENT="i" WC="0.89" CC="1"/>
						<SP ID="P100_SP00261" HPOS="290" VPOS="1452" WIDTH="22"/>
						<String ID="P100_ST00293" HPOS="312" VPOS="1422" WIDTH="38" HEIGHT="23" CONTENT="det" WC="0.91" CC="111"/>
						<SP ID="P100_SP00262" HPOS="350" VPOS="1452" WIDTH="20"/>
						<String ID="P100_ST00294" HPOS="370" VPOS="1419" WIDTH="132" HEIGHT="33" CONTENT="nordligste" WC="0.92" CC="1202000221"/>
						<SP ID="P100_SP00263" HPOS="502" VPOS="1452" WIDTH="21"/>
						<String ID="P100_ST00295" HPOS="523" VPOS="1419" WIDTH="101" HEIGHT="33" CONTENT="Norge;" WC="0.93" CC="111111"/>
						<SP ID="P100_SP00264" HPOS="624" VPOS="1452" WIDTH="19"/>
						<String ID="P100_ST00296" HPOS="643" VPOS="1427" WIDTH="52" HEIGHT="18" CONTENT="men" WC="0.95" CC="111"/>
						<SP ID="P100_SP00265" HPOS="695" VPOS="1452" WIDTH="19"/>
						<String ID="P100_ST00297" HPOS="714" VPOS="1422" WIDTH="61" HEIGHT="24" CONTENT="dens" WC="0.94" CC="0111"/>
						<SP ID="P100_SP00266" HPOS="775" VPOS="1452" WIDTH="12"/>
						<String ID="P100_ST00298" HPOS="787" VPOS="1419" WIDTH="167" HEIGHT="33" CONTENT="Opholdssted" WC="0.93" CC="20110111110"/>
						<SP ID="P100_SP00267" HPOS="954" VPOS="1452" WIDTH="20"/>
						<String ID="P100_ST00299" HPOS="974" VPOS="1422" WIDTH="74" HEIGHT="21" CONTENT="retter" WC="0.97" CC="100101"/>
					</TextLine>
					<TextLine ID="P100_TL00033" HPOS="116" VPOS="1461" WIDTH="930" HEIGHT="34">
						<String ID="P100_ST00300" HPOS="116" VPOS="1463" WIDTH="33" HEIGHT="32" CONTENT="sig" WC="0.94" CC="111"/>
						<SP ID="P100_SP00268" HPOS="149" VPOS="1495" WIDTH="18"/>
						<String ID="P100_ST00301" HPOS="167" VPOS="1462" WIDTH="43" HEIGHT="26" CONTENT="ikke" WC="0.96" CC="0011"/>
						<SP ID="P100_SP00269" HPOS="210" VPOS="1495" WIDTH="22"/>
						<String ID="P100_ST00302" HPOS="232" VPOS="1462" WIDTH="117" HEIGHT="33" CONTENT="saamcget" WC="0.95" CC="01110111"/>
						<SP ID="P100_SP00270" HPOS="349" VPOS="1495" WIDTH="20"/>
						<String ID="P100_ST00303" HPOS="369" VPOS="1464" WIDTH="59" HEIGHT="30" CONTENT="efter" WC="0.94" CC="12111"/>
						<SP ID="P100_SP00271" HPOS="428" VPOS="1495" WIDTH="20"/>
						<String ID="P100_ST00304" HPOS="448" VPOS="1466" WIDTH="45" HEIGHT="24" CONTENT="den" WC="0.97" CC="010"/>
						<SP ID="P100_SP00272" HPOS="493" VPOS="1495" WIDTH="23"/>
						<String ID="P100_ST00305" HPOS="516" VPOS="1462" WIDTH="166" HEIGHT="33" CONTENT="geographiske" WC="0.92" CC="211112010111"/>
						<SP ID="P100_SP00273" HPOS="682" VPOS="1495" WIDTH="20"/>
						<String ID="P100_ST00306" HPOS="702" VPOS="1464" WIDTH="89" HEIGHT="30" CONTENT="Brede," WC="0.88" CC="201013"/>
						<SP ID="P100_SP00274" HPOS="791" VPOS="1495" WIDTH="20"/>
						<String ID="P100_ST00307" HPOS="811" VPOS="1463" WIDTH="49" HEIGHT="31" CONTENT="som" WC="0.93" CC="111"/>
						<SP ID="P100_SP00275" HPOS="860" VPOS="1495" WIDTH="26"/>
						<String ID="P100_ST00308" HPOS="886" VPOS="1462" WIDTH="60" HEIGHT="32" CONTENT="efter" WC="0.98" CC="00101"/>
						<SP ID="P100_SP00276" HPOS="946" VPOS="1495" WIDTH="19"/>
						<String ID="P100_ST00309" HPOS="965" VPOS="1461" WIDTH="81" HEIGHT="26" CONTENT="Snee" SUBS_TYPE="HypPart1" SUBS_CONTENT="Sneegrcrndsen." WC="0.85" CC="11511"/>
						<HYP CONTENT="-"/>
					</TextLine>
					<TextLine ID="P100_TL00034" HPOS="118" VPOS="1505" WIDTH="930" HEIGHT="36">
						<String ID="P100_ST00310" HPOS="118" VPOS="1506" WIDTH="133" HEIGHT="31" CONTENT="grcrndsen." SUBS_TYPE="HypPart2" SUBS_CONTENT="Sneegrcrndsen." WC="0.95" CC="1120110111"/>
						<SP ID="P100_SP00277" HPOS="251" VPOS="1537" WIDTH="51"/>
						<String ID="P100_ST00311" HPOS="302" VPOS="1506" WIDTH="147" HEIGHT="28" CONTENT="Undertiden" WC="0.94" CC="1111110111"/>
						<SP ID="P100_SP00278" HPOS="449" VPOS="1537" WIDTH="20"/>
						<String ID="P100_ST00312" HPOS="469" VPOS="1507" WIDTH="85" HEIGHT="32" CONTENT="samler" WC="0.96" CC="011110"/>
						<SP ID="P100_SP00279" HPOS="554" VPOS="1539" WIDTH="18"/>
						<String ID="P100_ST00313" HPOS="572" VPOS="1509" WIDTH="74" HEIGHT="24" CONTENT="denne" WC="0.94" CC="11101"/>
						<SP ID="P100_SP00280" HPOS="646" VPOS="1539" WIDTH="21"/>
						<String ID="P100_ST00314" HPOS="667" VPOS="1507" WIDTH="47" HEIGHT="26" CONTENT="Art" WC="0.90" CC="211"/>
						<SP ID="P100_SP00281" HPOS="714" VPOS="1539" WIDTH="22"/>
						<String ID="P100_ST00315" HPOS="736" VPOS="1509" WIDTH="30" HEIGHT="32" CONTENT="sig" WC="0.93" CC="111"/>
						<SP ID="P100_SP00282" HPOS="766" VPOS="1541" WIDTH="26"/>
						<String ID="P100_ST00316" HPOS="792" VPOS="1507" WIDTH="9" HEIGHT="25" CONTENT="i" WC="1.00" CC="0"/>
						<SP ID="P100_SP00283" HPOS="801" VPOS="1541" WIDTH="19"/>
						<String ID="P100_ST00317" HPOS="820" VPOS="1508" WIDTH="58" HEIGHT="31" CONTENT="store" WC="0.97" CC="11000"/>
						<SP ID="P100_SP00284" HPOS="878" VPOS="1541" WIDTH="26"/>
						<String ID="P100_ST00318" HPOS="904" VPOS="1505" WIDTH="79" HEIGHT="32" CONTENT="Flokke" WC="0.95" CC="111010"/>
						<SP ID="P100_SP00285" HPOS="983" VPOS="1541" WIDTH="36"/>
						<String ID="P100_ST00319" HPOS="1019" VPOS="1513" WIDTH="29" HEIGHT="25" CONTENT="og" WC="0.94" CC="11"/>
					</TextLine>
					<TextLine ID="P100_TL00035" HPOS="116" VPOS="1548" WIDTH="932" HEIGHT="35">
						<String ID="P100_ST00320" HPOS="116" VPOS="1551" WIDTH="104" HEIGHT="23" CONTENT="vandrer" WC="0.94" CC="1110021"/>
						<SP ID="P100_SP00286" HPOS="220" VPOS="1574" WIDTH="19"/>
						<String ID="P100_ST00321" HPOS="239" VPOS="1551" WIDTH="45" HEIGHT="25" CONTENT="ned" WC="0.91" CC="121"/>
						<SP ID="P100_SP00287" HPOS="284" VPOS="1576" WIDTH="18"/>
						<String ID="P100_ST00322" HPOS="302" VPOS="1550" WIDTH="51" HEIGHT="26" CONTENT="ide" WC="1.00" CC="010"/>
						<SP ID="P100_SP00288" HPOS="353" VPOS="1576" WIDTH="16"/>
						<String ID="P100_ST00323" HPOS="369" VPOS="1552" WIDTH="81" HEIGHT="25" CONTENT="lavere" WC="0.93" CC="021101"/>
						<SP ID="P100_SP00289" HPOS="450" VPOS="1577" WIDTH="22"/>
						<String ID="P100_ST00324" HPOS="472" VPOS="1550" WIDTH="79" HEIGHT="33" CONTENT="Egne." WC="0.96" CC="11011"/>
						<SP ID="P100_SP00290" HPOS="551" VPOS="1583" WIDTH="54"/>
						<String ID="P100_ST00325" HPOS="605" VPOS="1552" WIDTH="24" HEIGHT="24" CONTENT="&lt;I." WC="0.75" CC="242"/>
						<SP ID="P100_SP00291" HPOS="629" VPOS="1583" WIDTH="22"/>
						<String ID="P100_ST00326" HPOS="651" VPOS="1549" WIDTH="134" HEIGHT="34" CONTENT="Sceldyr." WC="0.95" CC="01210110"/>
						<SP ID="P100_SP00292" HPOS="785" VPOS="1583" WIDTH="41"/>
						<String ID="P100_ST00327" HPOS="826" VPOS="1553" WIDTH="24" HEIGHT="27" CONTENT="l)" WC="0.89" CC="21"/>
						<SP ID="P100_SP00293" HPOS="850" VPOS="1583" WIDTH="21"/>
						<String ID="P100_ST00328" HPOS="871" VPOS="1548" WIDTH="177" HEIGHT="34" CONTENT="Fjordscele:" WC="0.94" CC="10111111011"/>
					</TextLine>
				</TextBlock>
			</PrintSpace>
		</Page>
	</Layout>
</alto>
