1076 1737
474 45 36 26 99

29 123 29 26 og
73 117 28 25 de
120 112 140 34 vestlandske
279 113 174 32 Kystdistricter
464 114 153 31 fordetmeste
637 116 53 24 med
708 114 100 30 Ncrver,
824 113 69 27 Torv
906 112 55 27 eller

28 159 156 30 Skiferstecn.
230 156 20 31 I
279 158 114 34 Bergens
422 157 76 32 Stift,
522 159 61 28 hvor
600 159 39 25 det
663 157 134 28 Nationale
818 158 80 33 lcengst
916 157 45 33 har

26 202 163 34 vedligeholdt
206 201 41 32 sig,
265 201 81 33 findes
366 201 8 26 i
392 201 59 33 flere
469 200 180 34 Kystdistricter
666 203 79 24 endnu
770 203 29 24 de
817 201 7 27 i
843 201 118 27 Oldtiden

28 244 122 34 brngelige
161 245 126 32 Regstuer.
324 245 52 26 Det
387 244 162 34 Vcrsentligste
568 244 29 32 af
614 243 180 34 Fjcrldboernes
810 244 151 27 Moblement

27 296 25 18 er
71 293 23 21 et
119 288 56 29 stort
193 288 83 30 Bord,
295 289 73 33 nogle
387 288 89 26 Vcenke
494 295 29 26 og
545 287 153 31 Kubbestole,
729 291 23 23 et
781 288 57 31 stort
864 287 97 34 Senge-

27 333 55 28 sted,
104 336 22 22 et
140 331 72 27 Skab
229 340 31 26 og
281 339 28 19 en
328 331 82 33 Hylde
427 333 52 25 med
499 331 91 33 Bsger.
627 331 123 27 Ncermere
768 332 98 32 Byerne
883 331 78 27 bliver

27 375 109 26 derimod
155 374 177 28 Møblementet
348 382 63 20 mere
431 375 196 33 forskjelligartet.
681 375 40 26 De
738 375 77 33 norske
836 375 125 31 Provind-

25 420 98 31 dragter
141 418 79 33 findes
238 426 33 19 nu
291 418 148 32 fordctmeste
458 419 60 27 kuns
538 418 8 27 i
569 421 28 25 de
626 418 38 32 fra
688 418 99 32 Byerne
811 426 63 19 mere
892 420 67 25 bort-

26 460 107 33 fjernede
151 462 136 29 Disiricter.
323 462 117 26 Derimod
460 462 80 34 afvige
552 462 148 27 Stcrderncs
717 461 110 28 Beboere
845 462 64 27 Lidet
927 463 32 25 el-

25 506 35 25 ler
77 505 72 30 Intet
182 505 9 27 i
208 505 150 34 Boligernes
389 505 159 34 Indretning,
580 505 158 35 Klcrdedragt
765 513 29 27 og
817 505 142 28 Levemaade

26 549 39 32 fra
84 552 73 24 andre
178 549 141 32 civiliserede
339 548 93 27 Landes
451 550 150 32 Bybeboere.

94 593 42 26 De
155 592 101 32 ovenfor
274 594 99 25 omtalte
391 593 114 33 Finner
524 592 117 33 (Lapper)
661 600 38 19 ere
716 596 23 22 et
750 592 67 30 lidet,
836 592 123 32 spedlem-

24 640 48 22 met
90 636 118 33 Folkeslag
231 636 142 31 (Mcrndene
392 639 15 23 5
427 636 56 33 Fod
503 636 53 31 hsie
577 643 31 26 og
629 635 145 27 Qvinderne
793 634 165 33 forholdsviis

25 679 117 32 mindre),
164 682 53 24 med
238 682 28 24 de
291 679 40 32 for
352 679 172 33 Mongolerne
541 679 104 33 sceregne
680 679 191 33 ffjcrvtliggende
893 679 66 32 smaa

23 723 75 31 Sine,
117 724 80 28 brede,
215 724 53 25 lave
290 723 102 31 Pander
410 723 174 30 fremstaaende
601 721 134 31 Kindbcen,
754 722 67 34 spids
840 722 70 34 Hage
929 730 29 25 og

23 769 70 30 tyndt
111 765 94 35 Skjcrg.
257 767 82 26 Deres
356 768 139 32 gunlbrune
513 765 82 34 Farve
622 773 57 19 maa
703 766 41 32 for
761 773 29 19 en
822 766 45 32 stor
894 766 64 26 Dccl

23 809 115 33 tilskrives
158 812 46 25 den
228 809 99 27 Smuds
347 817 29 26 og
398 810 65 33 Rsg,
485 809 90 32 hvoraf
592 811 29 25 de
641 809 6 26 i
663 811 69 25 deres
749 808 120 28 Gammer
880 809 78 32 (Hyt-

23 856 51 27 ter)
97 853 56 26 eller
171 852 70 28 Telte
260 860 38 19 ere
319 852 124 34 omgivne,
455 852 93 34 ligesom
567 855 28 24 de
620 852 7 27 i
645 852 156 34 Klcrdedragt
825 860 37 19 ere
882 857 77 28 meget

23 896 129 35 ureenlige.
189 896 97 32 Linned,
304 899 64 24 dette
386 897 41 31 for
442 899 28 25 de
491 895 147 33 civiliserede
657 895 142 28 Mennesker
816 895 41 33 saa
876 899 80 23 uund-

24 940 99 33 vcrrlige
137 939 231 34 Klcedningsstykke,
385 940 112 33 mangler
512 941 54 25 dem
588 941 101 25 aldeles.
745 940 41 26 De
806 946 35 20 ere
859 938 97 27 ialmin-

23 984 107 33 delighed
147 987 77 30 meget
241 984 120 33 hengivne
378 984 29 26 til
424 982 233 28 Brcendeviinsdrik.
689 984 56 26 Den
765 982 123 35 Falskhed,
907 981 50 27 Un-

25 1026 186 33 derfundighcd,
238 1026 213 34 Mistcrnkelighed
483 1034 33 26 og
544 1027 47 31 hos
611 1026 147 33 Sssiunerne
778 1025 74 35 tillige
870 1025 87 27 Stolt-

24 1072 52 30 hed,
98 1070 99 32 hvorfor
215 1078 57 20 man
292 1071 117 32 beskylder
436 1073 64 29 dem,
531 1071 46 30 har
603 1069 89 31 vistnok
709 1076 63 20 mere
788 1071 33 30 sin
841 1069 88 26 Grund
949 1068 8 26 i

25 1116 45 24 den
91 1114 188 33 Undertrykkelse
298 1115 56 26 eller
369 1114 105 32 maastee
494 1117 84 23 rettere
599 1113 97 34 Foragt
715 1120 30 26 og
761 1112 195 32 Tilsidesettelse,

25 1158 50 31 som
96 1160 70 24 deres
185 1157 169 32 Landsmcrnd,
370 1158 203 29 Nordmcendene,
590 1156 46 32 vise
646 1158 62 29 dem,
721 1164 31 26 og
763 1156 7 26 i
780 1159 38 24 det
829 1157 54 26 lave
897 1155 59 27 Cul-

25 1201 99 32 turtrin,
143 1202 110 32 hvorpaa
272 1203 27 24 de
319 1201 91 33 beftnde
429 1202 40 33 sig,
490 1203 42 24 end
551 1201 8 25 i
575 1201 72 26 deres
664 1200 155 31 Characteer.
855 1199 103 34 Kjerlig-

26 1246 43 30 hed
95 1244 26 27 til
150 1245 136 32 Fsdestedet
318 1252 24 19 er
364 1250 22 21 et
404 1243 185 34 fremherskende
611 1243 202 33 Characteertrcek
830 1245 44 31 hos
893 1245 63 31 dem;

25 1289 93 33 Tyveri
137 1296 29 25 og
185 1292 79 29 ncrgte
284 1287 96 34 Fsdsier
394 1295 37 18 ere
451 1287 85 33 sjeldne
556 1287 85 27 blandt
661 1290 61 28 dem,
733 1295 31 26 og
783 1289 28 25 de
829 1287 58 31 have
901 1287 56 31 sær-

25 1334 65 26 deles
116 1331 93 34 Zlgtelse
236 1330 40 33 for
299 1331 165 35 crgtessabelig
488 1330 118 33 Trostab.
643 1330 73 33 Men,
737 1332 172 31 omcndffMdt
929 1333 29 23 de

27 1378 63 31 staae
107 1382 50 25 paa
177 1380 21 21 et
218 1373 28 31 af
267 1374 200 33 Civilisationens
490 1375 87 30 laveste
602 1374 72 30 Trin,
705 1376 108 31 mangler
842 1377 39 24 det
904 1376 53 24 dem

27 1424 45 31 dog
91 1419 43 27 ikke
149 1426 50 26 paa
222 1417 68 28 Evne
309 1418 28 25 til
356 1422 26 22 at
401 1420 114 33 modtage
533 1425 30 20 en
581 1417 77 32 h^iere
669 1419 179 30 Aandscultur,
871 1418 87 32 hvilket

27 1464 55 34 flere
102 1465 51 24 med
173 1462 62 33 Held
255 1462 120 28 anstillede
392 1462 93 33 Forssg
507 1464 62 28 have
590 1461 133 34 godtgjort.
767 1462 39 26 De
824 1461 59 33 have
900 1461 58 33 flere

26 1507 121 34 naturlige
166 1506 96 33 Anlcrg,
280 1513 30 26 og
330 1505 52 27 Ss-
403 1506 57 27 eller
469 1504 152 34 Bosinnerne
632 1513 37 20 ere
688 1509 17 24 t.
723 1505 44 29 Er.
782 1505 90 35 duclige
881 1505 76 29 Tsm-

28 1553 129 27 mermcrnd
177 1557 28 27 og
222 1549 185 33 Vaadbyggere.
