<?xml version="1.0" encoding="UTF-8"?>
<alto xmlns:xsi="http://www.w3.org/2001/XMLSchema-instance" xsi:noNamespaceSchemaLocation="//Produksjon5/docworks/docWORKSshare/schema/alto-1-2.xsd" xmlns:xlink="http://www.w3.org/TR/xlink">
	<Description>
		<MeasurementUnit>mm10</MeasurementUnit>
		<OCRProcessing ID="OCRPROCESSING_1">
			<preProcessingStep>
				<processingSoftware>
					<softwareCreator>CCS Content Conversion Specialists GmbH, Germany</softwareCreator>
					<softwareName>CCS docWORKS</softwareName>
					<softwareVersion>6.0-7.25</softwareVersion>
				</processingSoftware>
			</preProcessingStep>
			<ocrProcessingStep>
				<processingSoftware>
					<softwareCreator>ABBYY (BIT Software), Russia</softwareCreator>
					<softwareName>Finereader</softwareName>
				</processingSoftware>
			</ocrProcessingStep>
		</OCRProcessing>
	</Description>
	<Styles>
		<TextStyle ID="TXT_0" FONTSIZE="10" FONTFAMILY="Fraktur"/>
		<TextStyle ID="TXT_1" FONTSIZE="9" FONTFAMILY="Fraktur"/>
		<ParagraphStyle ID="PAR_RIGHT" ALIGN="Right"/>
		<ParagraphStyle ID="PAR_BLOCK" ALIGN="Block"/>
	</Styles>
	<Layout>
		<Page ID="P118" PHYSICAL_IMG_NR="118" HEIGHT="1742" WIDTH="1076" PRINTED_IMG_NR="110">
			<TopMargin ID="P118_TM00001" HPOS="0" VPOS="0" WIDTH="1076" HEIGHT="76">
				<TextBlock ID="P118_TB00001" HPOS="552" VPOS="45" WIDTH="52" HEIGHT="28" STYLEREFS="TXT_0 PAR_RIGHT">
					<TextLine ID="P118_TL00001" HPOS="553" VPOS="46" WIDTH="51" HEIGHT="27">
						<String ID="P118_ST00001" HPOS="553" VPOS="46" WIDTH="51" HEIGHT="27" CONTENT="110" WC="0.97" CC="010"/>
					</TextLine>
				</TextBlock>
			</TopMargin>
			<LeftMargin ID="P118_LM00001" HPOS="0" VPOS="76" WIDTH="106" HEIGHT="1515"/>
			<RightMargin ID="P118_RM00001" HPOS="1049" VPOS="76" WIDTH="27" HEIGHT="1515"/>
			<BottomMargin ID="P118_BM00001" HPOS="0" VPOS="1591" WIDTH="1076" HEIGHT="151"/>
			<PrintSpace ID="P118_PS00001" HPOS="106" VPOS="76" WIDTH="943" HEIGHT="1515">
				<TextBlock ID="P118_TB00002" HPOS="106" VPOS="116" WIDTH="939" HEIGHT="384" STYLEREFS="TXT_1 PAR_BLOCK">
					<TextLine ID="P118_TL00002" HPOS="107" VPOS="117" WIDTH="936" HEIGHT="35">
						<String ID="P118_ST00002" HPOS="107" VPOS="119" WIDTH="50" HEIGHT="33" CONTENT="som" SUBS_TYPE="HypPart2" SUBS_CONTENT="Fjcrldsom" WC="0.95" CC="111"/>
						<SP ID="P118_SP00001" HPOS="157" VPOS="152" WIDTH="17"/>
						<String ID="P118_ST00003" HPOS="174" VPOS="119" WIDTH="102" HEIGHT="27" CONTENT="Strand" WC="0.94" CC="020210"/>
						<SP ID="P118_SP00002" HPOS="276" VPOS="152" WIDTH="9"/>
						<String ID="P118_ST00004" HPOS="285" VPOS="130" WIDTH="8" HEIGHT="10" CONTENT="-" WC="0.01" CC="9"/>
						<SP ID="P118_SP00003" HPOS="293" VPOS="152" WIDTH="7"/>
						<String ID="P118_ST00005" HPOS="300" VPOS="117" WIDTH="145" HEIGHT="33" CONTENT="Planterne," WC="0.88" CC="1121211232"/>
						<SP ID="P118_SP00004" HPOS="445" VPOS="152" WIDTH="19"/>
						<String ID="P118_ST00006" HPOS="464" VPOS="124" WIDTH="29" HEIGHT="27" CONTENT="og" WC="0.91" CC="11"/>
						<SP ID="P118_SP00005" HPOS="493" VPOS="152" WIDTH="19"/>
						<String ID="P118_ST00007" HPOS="512" VPOS="118" WIDTH="103" HEIGHT="32" CONTENT="maaskee" WC="0.93" CC="1210210"/>
						<SP ID="P118_SP00006" HPOS="615" VPOS="152" WIDTH="19"/>
						<String ID="P118_ST00008" HPOS="634" VPOS="117" WIDTH="52" HEIGHT="33" CONTENT="iscer" WC="0.92" CC="01120"/>
						<SP ID="P118_SP00007" HPOS="686" VPOS="152" WIDTH="19"/>
						<String ID="P118_ST00009" HPOS="705" VPOS="118" WIDTH="28" HEIGHT="26" CONTENT="de" WC="0.96" CC="01"/>
						<SP ID="P118_SP00008" HPOS="733" VPOS="152" WIDTH="19"/>
						<String ID="P118_ST00010" HPOS="752" VPOS="118" WIDTH="73" HEIGHT="31" CONTENT="sidste," WC="0.95" CC="1111111"/>
						<SP ID="P118_SP00009" HPOS="825" VPOS="152" WIDTH="20"/>
						<String ID="P118_ST00011" HPOS="845" VPOS="124" WIDTH="37" HEIGHT="20" CONTENT="ere" WC="0.95" CC="011"/>
						<SP ID="P118_SP00010" HPOS="882" VPOS="152" WIDTH="16"/>
						<String ID="P118_ST00012" HPOS="898" VPOS="121" WIDTH="77" HEIGHT="30" CONTENT="meget" WC="0.96" CC="11101"/>
						<SP ID="P118_SP00011" HPOS="975" VPOS="152" WIDTH="19"/>
						<String ID="P118_ST00013" HPOS="994" VPOS="124" WIDTH="49" HEIGHT="20" CONTENT="nø" SUBS_TYPE="HypPart1" SUBS_CONTENT="nørende" WC="0.59" CC="192"/>
						<HYP CONTENT="-"/>
					</TextLine>
					<TextLine ID="P118_TL00003" HPOS="107" VPOS="159" WIDTH="935" HEIGHT="37">
						<String ID="P118_ST00014" HPOS="107" VPOS="166" WIDTH="70" HEIGHT="23" CONTENT="rende" SUBS_TYPE="HypPart2" SUBS_CONTENT="nørende" WC="0.96" CC="20010"/>
						<SP ID="P118_SP00012" HPOS="177" VPOS="189" WIDTH="18"/>
						<String ID="P118_ST00015" HPOS="195" VPOS="169" WIDTH="30" HEIGHT="25" CONTENT="oq" WC="0.69" CC="16"/>
						<SP ID="P118_SP00013" HPOS="225" VPOS="194" WIDTH="20"/>
						<String ID="P118_ST00016" HPOS="245" VPOS="161" WIDTH="80" HEIGHT="32" CONTENT="sunde." WC="0.95" CC="111010"/>
						<SP ID="P118_SP00014" HPOS="325" VPOS="194" WIDTH="38"/>
						<String ID="P118_ST00017" HPOS="363" VPOS="160" WIDTH="40" HEIGHT="28" CONTENT="De" WC="0.91" CC="11"/>
						<SP ID="P118_SP00015" HPOS="403" VPOS="194" WIDTH="19"/>
						<String ID="P118_ST00018" HPOS="422" VPOS="161" WIDTH="81" HEIGHT="35" CONTENT="rigeste" WC="0.91" CC="2011221"/>
						<SP ID="P118_SP00016" HPOS="503" VPOS="196" WIDTH="18"/>
						<String ID="P118_ST00019" HPOS="521" VPOS="161" WIDTH="155" HEIGHT="34" CONTENT="Fjcrldbeiter" WC="0.93" CC="312101210010"/>
						<SP ID="P118_SP00017" HPOS="676" VPOS="196" WIDTH="16"/>
						<String ID="P118_ST00020" HPOS="692" VPOS="160" WIDTH="78" HEIGHT="33" CONTENT="findes" WC="0.93" CC="221011"/>
						<SP ID="P118_SP00018" HPOS="770" VPOS="196" WIDTH="20"/>
						<String ID="P118_ST00021" HPOS="790" VPOS="161" WIDTH="47" HEIGHT="26" CONTENT="ide" WC="1.00" CC="011"/>
						<SP ID="P118_SP00019" HPOS="837" VPOS="196" WIDTH="13"/>
						<String ID="P118_ST00022" HPOS="850" VPOS="161" WIDTH="67" HEIGHT="28" CONTENT="blode" WC="0.96" CC="00111"/>
						<SP ID="P118_SP00020" HPOS="917" VPOS="196" WIDTH="11"/>
						<String ID="P118_ST00023" HPOS="928" VPOS="159" WIDTH="114" HEIGHT="32" CONTENT="Skiferes" WC="0.97" CC="10000110"/>
					</TextLine>
					<TextLine ID="P118_TL00004" HPOS="107" VPOS="204" WIDTH="936" HEIGHT="35">
						<String ID="P118_ST00024" HPOS="107" VPOS="205" WIDTH="138" HEIGHT="31" CONTENT="Districter," WC="0.98" CC="10110000010"/>
						<SP ID="P118_SP00021" HPOS="245" VPOS="236" WIDTH="19"/>
						<String ID="P118_ST00025" HPOS="264" VPOS="204" WIDTH="50" HEIGHT="33" CONTENT="isirr" WC="0.58" CC="06661"/>
						<SP ID="P118_SP00022" HPOS="314" VPOS="237" WIDTH="16"/>
						<String ID="P118_ST00026" HPOS="330" VPOS="204" WIDTH="7" HEIGHT="28" CONTENT="i" WC="0.96" CC="1"/>
						<SP ID="P118_SP00023" HPOS="337" VPOS="237" WIDTH="10"/>
						<String ID="P118_ST00027" HPOS="347" VPOS="205" WIDTH="119" HEIGHT="33" CONTENT="Valdres;" WC="0.91" CC="11012112"/>
						<SP ID="P118_SP00024" HPOS="466" VPOS="238" WIDTH="15"/>
						<String ID="P118_ST00028" HPOS="481" VPOS="212" WIDTH="53" HEIGHT="20" CONTENT="men" WC="0.94" CC="111"/>
						<SP ID="P118_SP00025" HPOS="534" VPOS="238" WIDTH="11"/>
						<String ID="P118_ST00029" HPOS="545" VPOS="206" WIDTH="61" HEIGHT="31" CONTENT="hvor" WC="0.86" CC="2221"/>
						<SP ID="P118_SP00026" HPOS="606" VPOS="238" WIDTH="11"/>
						<String ID="P118_ST00030" HPOS="617" VPOS="204" WIDTH="128" HEIGHT="35" CONTENT="Urgncisen" WC="0.96" CC="201010010"/>
						<SP ID="P118_SP00027" HPOS="745" VPOS="239" WIDTH="16"/>
						<String ID="P118_ST00031" HPOS="761" VPOS="212" WIDTH="24" HEIGHT="19" CONTENT="er" WC="0.93" CC="11"/>
						<SP ID="P118_SP00028" HPOS="785" VPOS="239" WIDTH="12"/>
						<String ID="P118_ST00032" HPOS="797" VPOS="204" WIDTH="197" HEIGHT="33" CONTENT="fremherskende," WC="0.88" CC="01112100561011"/>
						<SP ID="P118_SP00029" HPOS="994" VPOS="239" WIDTH="11"/>
						<String ID="P118_ST00033" HPOS="1005" VPOS="211" WIDTH="38" HEIGHT="19" CONTENT="ere" WC="0.97" CC="101"/>
					</TextLine>
					<TextLine ID="P118_TL00005" HPOS="108" VPOS="248" WIDTH="935" HEIGHT="35">
						<String ID="P118_ST00034" HPOS="108" VPOS="250" WIDTH="28" HEIGHT="25" CONTENT="de" WC="0.98" CC="10"/>
						<SP ID="P118_SP00030" HPOS="136" VPOS="275" WIDTH="17"/>
						<String ID="P118_ST00035" HPOS="153" VPOS="248" WIDTH="111" HEIGHT="27" CONTENT="derimod" WC="0.96" CC="0010211"/>
						<SP ID="P118_SP00031" HPOS="264" VPOS="275" WIDTH="20"/>
						<String ID="P118_ST00036" HPOS="284" VPOS="248" WIDTH="148" HEIGHT="33" CONTENT="fordelmcste" WC="0.95" CC="11101012110"/>
						<SP ID="P118_SP00032" HPOS="432" VPOS="281" WIDTH="21"/>
						<String ID="P118_ST00037" HPOS="453" VPOS="248" WIDTH="94" HEIGHT="34" CONTENT="fattige." WC="0.89" CC="14110111"/>
						<SP ID="P118_SP00033" HPOS="547" VPOS="282" WIDTH="36"/>
						<String ID="P118_ST00038" HPOS="583" VPOS="248" WIDTH="129" HEIGHT="35" CONTENT="Forovrigt" WC="0.93" CC="100410011"/>
						<SP ID="P118_SP00034" HPOS="712" VPOS="283" WIDTH="23"/>
						<String ID="P118_ST00039" HPOS="735" VPOS="256" WIDTH="36" HEIGHT="18" CONTENT="ere" WC="0.96" CC="101"/>
						<SP ID="P118_SP00035" HPOS="771" VPOS="283" WIDTH="16"/>
						<String ID="P118_ST00040" HPOS="787" VPOS="248" WIDTH="190" HEIGHT="35" CONTENT="Grcrsgangene" WC="0.88" CC="001111162111"/>
						<SP ID="P118_SP00036" HPOS="977" VPOS="283" WIDTH="14"/>
						<String ID="P118_ST00041" HPOS="991" VPOS="248" WIDTH="52" HEIGHT="33" CONTENT="rige" WC="0.94" CC="1011"/>
					</TextLine>
					<TextLine ID="P118_TL00006" HPOS="107" VPOS="291" WIDTH="934" HEIGHT="35">
						<String ID="P118_ST00042" HPOS="107" VPOS="293" WIDTH="9" HEIGHT="26" CONTENT="i" WC="0.93" CC="1"/>
						<SP ID="P118_SP00037" HPOS="116" VPOS="319" WIDTH="21"/>
						<String ID="P118_ST00043" HPOS="137" VPOS="292" WIDTH="46" HEIGHT="27" CONTENT="alle" WC="0.97" CC="1001"/>
						<SP ID="P118_SP00038" HPOS="183" VPOS="319" WIDTH="31"/>
						<String ID="P118_ST00044" HPOS="214" VPOS="295" WIDTH="26" HEIGHT="24" CONTENT="de" WC="0.94" CC="10"/>
						<SP ID="P118_SP00039" HPOS="240" VPOS="319" WIDTH="27"/>
						<String ID="P118_ST00045" HPOS="267" VPOS="291" WIDTH="129" HEIGHT="32" CONTENT="Dalfsrer," WC="0.88" CC="110070110"/>
						<SP ID="P118_SP00040" HPOS="396" VPOS="323" WIDTH="21"/>
						<String ID="P118_ST00046" HPOS="417" VPOS="292" WIDTH="50" HEIGHT="32" CONTENT="som" WC="0.99" CC="001"/>
						<SP ID="P118_SP00041" HPOS="467" VPOS="324" WIDTH="27"/>
						<String ID="P118_ST00047" HPOS="494" VPOS="298" WIDTH="50" HEIGHT="26" CONTENT="paa" WC="0.97" CC="100"/>
						<SP ID="P118_SP00042" HPOS="544" VPOS="324" WIDTH="18"/>
						<String ID="P118_ST00048" HPOS="562" VPOS="292" WIDTH="190" HEIGHT="34" CONTENT="Fjcrldmassens" WC="0.92" CC="1222111110210"/>
						<SP ID="P118_SP00043" HPOS="752" VPOS="326" WIDTH="25"/>
						<String ID="P118_ST00049" HPOS="777" VPOS="292" WIDTH="94" HEIGHT="32" CONTENT="østside" WC="0.83" CC="9110011"/>
						<SP ID="P118_SP00044" HPOS="871" VPOS="326" WIDTH="20"/>
						<String ID="P118_ST00050" HPOS="891" VPOS="292" WIDTH="88" HEIGHT="34" CONTENT="stryger" WC="0.93" CC="1101211"/>
						<SP ID="P118_SP00045" HPOS="979" VPOS="326" WIDTH="17"/>
						<String ID="P118_ST00051" HPOS="996" VPOS="295" WIDTH="45" HEIGHT="24" CONTENT="ned" WC="0.93" CC="111"/>
					</TextLine>
					<TextLine ID="P118_TL00007" HPOS="107" VPOS="335" WIDTH="936" HEIGHT="35">
						<String ID="P118_ST00052" HPOS="107" VPOS="335" WIDTH="39" HEIGHT="33" CONTENT="fra" WC="0.95" CC="011"/>
						<SP ID="P118_SP00046" HPOS="146" VPOS="368" WIDTH="29"/>
						<String ID="P118_ST00053" HPOS="175" VPOS="336" WIDTH="116" HEIGHT="34" CONTENT="Bergens" WC="0.92" CC="2112110"/>
						<SP ID="P118_SP00047" HPOS="291" VPOS="370" WIDTH="27"/>
						<String ID="P118_ST00054" HPOS="318" VPOS="335" WIDTH="69" HEIGHT="32" CONTENT="Stift" WC="0.93" CC="11011"/>
						<SP ID="P118_SP00048" HPOS="387" VPOS="370" WIDTH="28"/>
						<String ID="P118_ST00055" HPOS="415" VPOS="344" WIDTH="30" HEIGHT="25" CONTENT="cg" WC="0.83" CC="31"/>
						<SP ID="P118_SP00049" HPOS="445" VPOS="370" WIDTH="29"/>
						<String ID="P118_ST00056" HPOS="474" VPOS="335" WIDTH="54" HEIGHT="31" CONTENT="iscer" WC="0.96" CC="00120"/>
						<SP ID="P118_SP00050" HPOS="528" VPOS="370" WIDTH="24"/>
						<String ID="P118_ST00057" HPOS="552" VPOS="344" WIDTH="25" HEIGHT="19" CONTENT="er" WC="0.96" CC="11"/>
						<SP ID="P118_SP00051" HPOS="577" VPOS="370" WIDTH="28"/>
						<String ID="P118_ST00058" HPOS="605" VPOS="339" WIDTH="44" HEIGHT="24" CONTENT="den" WC="0.91" CC="012"/>
						<SP ID="P118_SP00052" HPOS="649" VPOS="370" WIDTH="29"/>
						<String ID="P118_ST00059" HPOS="678" VPOS="337" WIDTH="121" HEIGHT="32" CONTENT="saakaldte" WC="0.94" CC="021110111"/>
						<SP ID="P118_SP00053" HPOS="799" VPOS="370" WIDTH="27"/>
						<String ID="P118_ST00060" HPOS="826" VPOS="335" WIDTH="217" HEIGHT="34" CONTENT="Hardangervidde" WC="0.96" CC="21000111011010"/>
					</TextLine>
					<TextLine ID="P118_TL00008" HPOS="109" VPOS="378" WIDTH="936" HEIGHT="35">
						<String ID="P118_ST00061" HPOS="109" VPOS="379" WIDTH="113" HEIGHT="31" CONTENT="(Vidda)" WC="0.96" CC="1200011"/>
						<SP ID="P118_SP00054" HPOS="222" VPOS="410" WIDTH="20"/>
						<String ID="P118_ST00062" HPOS="242" VPOS="388" WIDTH="28" HEIGHT="18" CONTENT="en" WC="0.57" CC="71"/>
						<SP ID="P118_SP00055" HPOS="270" VPOS="410" WIDTH="20"/>
						<String ID="P118_ST00063" HPOS="290" VPOS="378" WIDTH="178" HEIGHT="35" CONTENT="overordentlig" WC="0.95" CC="0020110111011"/>
						<SP ID="P118_SP00056" HPOS="468" VPOS="413" WIDTH="23"/>
						<String ID="P118_ST00064" HPOS="491" VPOS="380" WIDTH="45" HEIGHT="29" CONTENT="stor" WC="0.90" CC="2211"/>
						<SP ID="P118_SP00057" HPOS="536" VPOS="413" WIDTH="18"/>
						<String ID="P118_ST00065" HPOS="554" VPOS="380" WIDTH="155" HEIGHT="27" CONTENT="Vctcsinark." WC="0.91" CC="02111122110"/>
						<SP ID="P118_SP00058" HPOS="709" VPOS="413" WIDTH="52"/>
						<String ID="P118_ST00066" HPOS="761" VPOS="380" WIDTH="52" HEIGHT="26" CONTENT="Det" WC="0.83" CC="411"/>
						<SP ID="P118_SP00059" HPOS="813" VPOS="413" WIDTH="29"/>
						<String ID="P118_ST00067" HPOS="842" VPOS="385" WIDTH="25" HEIGHT="19" CONTENT="er" WC="0.94" CC="10"/>
						<SP ID="P118_SP00060" HPOS="867" VPOS="413" WIDTH="27"/>
						<String ID="P118_ST00068" HPOS="894" VPOS="378" WIDTH="151" HEIGHT="32" CONTENT="fordctmcste" WC="0.90" CC="11111131220"/>
					</TextLine>
					<TextLine ID="P118_TL00009" HPOS="107" VPOS="422" WIDTH="936" HEIGHT="35">
						<String ID="P118_ST00069" HPOS="107" VPOS="431" WIDTH="50" HEIGHT="24" CONTENT="paa" WC="0.93" CC="111"/>
						<SP ID="P118_SP00061" HPOS="157" VPOS="455" WIDTH="18"/>
						<String ID="P118_ST00070" HPOS="175" VPOS="427" WIDTH="75" HEIGHT="23" CONTENT="denne" WC="0.95" CC="11110"/>
						<SP ID="P118_SP00062" HPOS="250" VPOS="455" WIDTH="21"/>
						<String ID="P118_ST00071" HPOS="271" VPOS="424" WIDTH="58" HEIGHT="31" CONTENT="store" WC="0.89" CC="22011"/>
						<SP ID="P118_SP00063" HPOS="329" VPOS="455" WIDTH="19"/>
						<String ID="P118_ST00072" HPOS="348" VPOS="422" WIDTH="153" HEIGHT="31" CONTENT="Grcrsmark," WC="0.96" CC="0111101110"/>
						<SP ID="P118_SP00064" HPOS="501" VPOS="455" WIDTH="17"/>
						<String ID="P118_ST00073" HPOS="518" VPOS="427" WIDTH="27" HEIGHT="23" CONTENT="at" WC="0.94" CC="11"/>
						<SP ID="P118_SP00065" HPOS="545" VPOS="455" WIDTH="21"/>
						<String ID="P118_ST00074" HPOS="566" VPOS="427" WIDTH="37" HEIGHT="22" CONTENT="det" WC="0.93" CC="111"/>
						<SP ID="P118_SP00066" HPOS="603" VPOS="455" WIDTH="21"/>
						<String ID="P118_ST00075" HPOS="624" VPOS="427" WIDTH="76" HEIGHT="30" CONTENT="meget" WC="0.92" CC="11210"/>
						<SP ID="P118_SP00067" HPOS="700" VPOS="457" WIDTH="22"/>
						<String ID="P118_ST00076" HPOS="722" VPOS="424" WIDTH="166" HEIGHT="33" CONTENT="Slagteqvceg" WC="0.94" CC="10110111111"/>
						<SP ID="P118_SP00068" HPOS="888" VPOS="457" WIDTH="18"/>
						<String ID="P118_ST00077" HPOS="906" VPOS="422" WIDTH="77" HEIGHT="33" CONTENT="fedes," WC="0.94" CC="111111"/>
						<SP ID="P118_SP00069" HPOS="983" VPOS="457" WIDTH="11"/>
						<String ID="P118_ST00078" HPOS="994" VPOS="422" WIDTH="49" HEIGHT="33" CONTENT="som" WC="0.99" CC="001"/>
					</TextLine>
					<TextLine ID="P118_TL00010" HPOS="107" VPOS="467" WIDTH="558" HEIGHT="33">
						<String ID="P118_ST00079" HPOS="107" VPOS="469" WIDTH="65" HEIGHT="31" CONTENT="siden" WC="0.94" CC="11011"/>
						<SP ID="P118_SP00070" HPOS="172" VPOS="500" WIDTH="20"/>
						<String ID="P118_ST00080" HPOS="192" VPOS="467" WIDTH="68" HEIGHT="31" CONTENT="fores" WC="0.90" CC="13110"/>
						<SP ID="P118_SP00071" HPOS="260" VPOS="500" WIDTH="19"/>
						<String ID="P118_ST00081" HPOS="279" VPOS="470" WIDTH="43" HEIGHT="23" CONTENT="ned" WC="0.99" CC="010"/>
						<SP ID="P118_SP00072" HPOS="322" VPOS="500" WIDTH="27"/>
						<String ID="P118_ST00082" HPOS="349" VPOS="467" WIDTH="25" HEIGHT="26" CONTENT="til" WC="0.99" CC="100"/>
						<SP ID="P118_SP00073" HPOS="374" VPOS="500" WIDTH="19"/>
						<String ID="P118_ST00083" HPOS="393" VPOS="467" WIDTH="100" HEIGHT="33" CONTENT="Byerne" WC="0.90" CC="231110"/>
						<SP ID="P118_SP00074" HPOS="493" VPOS="500" WIDTH="18"/>
						<String ID="P118_ST00084" HPOS="511" VPOS="474" WIDTH="38" HEIGHT="18" CONTENT="om" WC="1.00" CC="00"/>
						<SP ID="P118_SP00075" HPOS="549" VPOS="500" WIDTH="19"/>
						<String ID="P118_ST00085" HPOS="568" VPOS="467" WIDTH="97" HEIGHT="33" CONTENT="Hosten." WC="0.89" CC="1411111"/>
					</TextLine>
				</TextBlock>
				<TextBlock ID="P118_TB00003" HPOS="107" VPOS="508" WIDTH="942" HEIGHT="1083" STYLEREFS="TXT_1 PAR_BLOCK">
					<TextLine ID="P118_TL00011" HPOS="178" VPOS="509" WIDTH="867" HEIGHT="35">
						<String ID="P118_ST00086" HPOS="178" VPOS="511" WIDTH="44" HEIGHT="26" CONTENT="Da" WC="0.93" CC="11"/>
						<SP ID="P118_SP00076" HPOS="222" VPOS="537" WIDTH="20"/>
						<String ID="P118_ST00087" HPOS="242" VPOS="510" WIDTH="179" HEIGHT="34" CONTENT="Staldfodring" WC="0.97" CC="111000000111"/>
						<SP ID="P118_SP00077" HPOS="421" VPOS="544" WIDTH="23"/>
						<String ID="P118_ST00088" HPOS="444" VPOS="518" WIDTH="38" HEIGHT="19" CONTENT="om" WC="0.91" CC="12"/>
						<SP ID="P118_SP00078" HPOS="482" VPOS="544" WIDTH="20"/>
						<String ID="P118_ST00089" HPOS="502" VPOS="510" WIDTH="149" HEIGHT="27" CONTENT="Sommeren" WC="0.94" CC="11111110"/>
						<SP ID="P118_SP00079" HPOS="651" VPOS="544" WIDTH="19"/>
						<String ID="P118_ST00090" HPOS="670" VPOS="511" WIDTH="87" HEIGHT="30" CONTENT="nersten" WC="0.92" CC="1211102"/>
						<SP ID="P118_SP00080" HPOS="757" VPOS="544" WIDTH="22"/>
						<String ID="P118_ST00091" HPOS="779" VPOS="517" WIDTH="24" HEIGHT="19" CONTENT="er" WC="0.96" CC="10"/>
						<SP ID="P118_SP00081" HPOS="803" VPOS="544" WIDTH="16"/>
						<String ID="P118_ST00092" HPOS="819" VPOS="509" WIDTH="95" HEIGHT="31" CONTENT="ukjendt" WC="0.96" CC="0100112"/>
						<SP ID="P118_SP00082" HPOS="914" VPOS="544" WIDTH="16"/>
						<String ID="P118_ST00093" HPOS="930" VPOS="509" WIDTH="7" HEIGHT="27" CONTENT="i" WC="1.00" CC="0"/>
						<SP ID="P118_SP00083" HPOS="937" VPOS="544" WIDTH="12"/>
						<String ID="P118_ST00094" HPOS="949" VPOS="509" WIDTH="96" HEIGHT="33" CONTENT="Norge," WC="0.94" CC="110120"/>
					</TextLine>
					<TextLine ID="P118_TL00012" HPOS="108" VPOS="552" WIDTH="936" HEIGHT="37">
						<String ID="P118_ST00095" HPOS="108" VPOS="557" WIDTH="125" HEIGHT="32" CONTENT="undtagen" WC="0.96" CC="01011111"/>
						<SP ID="P118_SP00084" HPOS="233" VPOS="589" WIDTH="22"/>
						<String ID="P118_ST00096" HPOS="255" VPOS="555" WIDTH="104" HEIGHT="29" CONTENT="maassee" WC="0.81" CC="1115501"/>
						<SP ID="P118_SP00085" HPOS="359" VPOS="589" WIDTH="16"/>
						<String ID="P118_ST00097" HPOS="375" VPOS="561" WIDTH="50" HEIGHT="26" CONTENT="paa" WC="0.90" CC="121"/>
						<SP ID="P118_SP00086" HPOS="425" VPOS="589" WIDTH="21"/>
						<String ID="P118_ST00098" HPOS="446" VPOS="554" WIDTH="172" HEIGHT="33" CONTENT="Hedemarken," WC="0.94" CC="10001110213"/>
						<SP ID="P118_SP00087" HPOS="618" VPOS="589" WIDTH="20"/>
						<String ID="P118_ST00099" HPOS="638" VPOS="561" WIDTH="63" HEIGHT="27" CONTENT="gaar" WC="0.87" CC="1211"/>
						<SP ID="P118_SP00088" HPOS="701" VPOS="589" WIDTH="22"/>
						<String ID="P118_ST00100" HPOS="723" VPOS="558" WIDTH="40" HEIGHT="22" CONTENT="det" WC="0.96" CC="011"/>
						<SP ID="P118_SP00089" HPOS="763" VPOS="589" WIDTH="17"/>
						<String ID="P118_ST00101" HPOS="780" VPOS="553" WIDTH="80" HEIGHT="32" CONTENT="norsie" WC="0.90" CC="101221"/>
						<SP ID="P118_SP00090" HPOS="860" VPOS="589" WIDTH="29"/>
						<String ID="P118_ST00102" HPOS="889" VPOS="552" WIDTH="84" HEIGHT="35" CONTENT="Qvcrg" WC="0.96" CC="10011"/>
						<SP ID="P118_SP00091" HPOS="973" VPOS="589" WIDTH="25"/>
						<String ID="P118_ST00103" HPOS="998" VPOS="556" WIDTH="46" HEIGHT="24" CONTENT="ude" WC="0.91" CC="120"/>
					</TextLine>
					<TextLine ID="P118_TL00013" HPOS="107" VPOS="596" WIDTH="938" HEIGHT="35">
						<String ID="P118_ST00104" HPOS="107" VPOS="599" WIDTH="9" HEIGHT="26" CONTENT="i" WC="0.96" CC="1"/>
						<SP ID="P118_SP00092" HPOS="116" VPOS="625" WIDTH="16"/>
						<String ID="P118_ST00105" HPOS="132" VPOS="602" WIDTH="28" HEIGHT="23" CONTENT="de" WC="0.98" CC="01"/>
						<SP ID="P118_SP00093" HPOS="160" VPOS="625" WIDTH="20"/>
						<String ID="P118_ST00106" HPOS="180" VPOS="598" WIDTH="96" HEIGHT="26" CONTENT="mildere" WC="0.97" CC="0011110"/>
						<SP ID="P118_SP00094" HPOS="276" VPOS="625" WIDTH="21"/>
						<String ID="P118_ST00107" HPOS="297" VPOS="597" WIDTH="138" HEIGHT="30" CONTENT="Aarstider," WC="0.96" CC="1111001100"/>
						<SP ID="P118_SP00095" HPOS="435" VPOS="627" WIDTH="23"/>
						<String ID="P118_ST00108" HPOS="458" VPOS="597" WIDTH="25" HEIGHT="32" CONTENT="ja" WC="0.91" CC="11"/>
						<SP ID="P118_SP00096" HPOS="483" VPOS="629" WIDTH="18"/>
						<String ID="P118_ST00109" HPOS="501" VPOS="605" WIDTH="48" HEIGHT="26" CONTENT="paa" WC="0.91" CC="211"/>
						<SP ID="P118_SP00097" HPOS="549" VPOS="631" WIDTH="23"/>
						<String ID="P118_ST00110" HPOS="572" VPOS="598" WIDTH="55" HEIGHT="33" CONTENT="ftere" WC="0.95" CC="11110"/>
						<SP ID="P118_SP00098" HPOS="627" VPOS="631" WIDTH="20"/>
						<String ID="P118_ST00111" HPOS="647" VPOS="598" WIDTH="95" HEIGHT="26" CONTENT="Steder" WC="0.94" CC="201001"/>
						<SP ID="P118_SP00099" HPOS="742" VPOS="631" WIDTH="18"/>
						<String ID="P118_ST00112" HPOS="760" VPOS="604" WIDTH="49" HEIGHT="25" CONTENT="paa" WC="0.86" CC="131"/>
						<SP ID="P118_SP00100" HPOS="809" VPOS="631" WIDTH="18"/>
						<String ID="P118_ST00113" HPOS="827" VPOS="597" WIDTH="144" HEIGHT="31" CONTENT="Vestkysten," WC="0.90" CC="21111111121"/>
						<SP ID="P118_SP00101" HPOS="971" VPOS="631" WIDTH="20"/>
						<String ID="P118_ST00114" HPOS="991" VPOS="596" WIDTH="54" HEIGHT="32" CONTENT="iscrr" WC="0.95" CC="10111"/>
					</TextLine>
					<TextLine ID="P118_TL00014" HPOS="108" VPOS="639" WIDTH="935" HEIGHT="37">
						<String ID="P118_ST00115" HPOS="108" VPOS="643" WIDTH="95" HEIGHT="30" CONTENT="Verne," WC="0.81" CC="811102"/>
						<SP ID="P118_SP00102" HPOS="203" VPOS="673" WIDTH="21"/>
						<String ID="P118_ST00116" HPOS="224" VPOS="644" WIDTH="78" HEIGHT="32" CONTENT="endog" WC="0.93" CC="11111"/>
						<SP ID="P118_SP00103" HPOS="302" VPOS="676" WIDTH="19"/>
						<String ID="P118_ST00117" HPOS="321" VPOS="642" WIDTH="48" HEIGHT="32" CONTENT="hele" WC="0.94" CC="1101"/>
						<SP ID="P118_SP00104" HPOS="369" VPOS="676" WIDTH="17"/>
						<String ID="P118_ST00118" HPOS="386" VPOS="641" WIDTH="127" HEIGHT="27" CONTENT="Vinteren." WC="0.95" CC="102100110"/>
						<SP ID="P118_SP00105" HPOS="513" VPOS="676" WIDTH="54"/>
						<String ID="P118_ST00119" HPOS="567" VPOS="643" WIDTH="53" HEIGHT="25" CONTENT="Det" WC="0.83" CC="231"/>
						<SP ID="P118_SP00106" HPOS="620" VPOS="676" WIDTH="17"/>
						<String ID="P118_ST00120" HPOS="637" VPOS="641" WIDTH="103" HEIGHT="33" CONTENT="grcrsser" WC="0.98" CC="11010100"/>
						<SP ID="P118_SP00107" HPOS="740" VPOS="676" WIDTH="16"/>
						<String ID="P118_ST00121" HPOS="756" VPOS="643" WIDTH="33" HEIGHT="24" CONTENT="da" WC="0.98" CC="10"/>
						<SP ID="P118_SP00108" HPOS="789" VPOS="676" WIDTH="17"/>
						<String ID="P118_ST00122" HPOS="806" VPOS="646" WIDTH="70" HEIGHT="21" CONTENT="enten" WC="0.98" CC="10100"/>
						<SP ID="P118_SP00109" HPOS="876" VPOS="676" WIDTH="23"/>
						<String ID="P118_ST00123" HPOS="899" VPOS="647" WIDTH="49" HEIGHT="25" CONTENT="paa" WC="0.95" CC="111"/>
						<SP ID="P118_SP00110" HPOS="948" VPOS="676" WIDTH="18"/>
						<String ID="P118_ST00124" HPOS="966" VPOS="639" WIDTH="77" HEIGHT="28" CONTENT="Mar" SUBS_TYPE="HypPart1" SUBS_CONTENT="Markerne" WC="0.94" CC="0111"/>
						<HYP CONTENT="-"/>
					</TextLine>
					<TextLine ID="P118_TL00015" HPOS="107" VPOS="683" WIDTH="938" HEIGHT="35">
						<String ID="P118_ST00125" HPOS="107" VPOS="686" WIDTH="66" HEIGHT="26" CONTENT="kerne" SUBS_TYPE="HypPart2" SUBS_CONTENT="Markerne" WC="0.94" CC="11200"/>
						<SP ID="P118_SP00111" HPOS="173" VPOS="712" WIDTH="28"/>
						<String ID="P118_ST00126" HPOS="201" VPOS="686" WIDTH="7" HEIGHT="26" CONTENT="i" WC="1.00" CC="0"/>
						<SP ID="P118_SP00112" HPOS="208" VPOS="712" WIDTH="33"/>
						<String ID="P118_ST00127" HPOS="241" VPOS="686" WIDTH="137" HEIGHT="32" CONTENT="Nærheden" WC="0.78" CC="39131011"/>
						<SP ID="P118_SP00113" HPOS="378" VPOS="718" WIDTH="31"/>
						<String ID="P118_ST00128" HPOS="409" VPOS="685" WIDTH="29" HEIGHT="32" CONTENT="af" WC="0.93" CC="11"/>
						<SP ID="P118_SP00114" HPOS="438" VPOS="718" WIDTH="24"/>
						<String ID="P118_ST00129" HPOS="462" VPOS="685" WIDTH="130" HEIGHT="31" CONTENT="Gaarden," WC="0.94" CC="01112111"/>
						<SP ID="P118_SP00115" HPOS="592" VPOS="718" WIDTH="25"/>
						<String ID="P118_ST00130" HPOS="617" VPOS="686" WIDTH="55" HEIGHT="26" CONTENT="eller" WC="0.95" CC="11101"/>
						<SP ID="P118_SP00116" HPOS="672" VPOS="718" WIDTH="19"/>
						<String ID="P118_ST00131" HPOS="691" VPOS="684" WIDTH="82" HEIGHT="28" CONTENT="drives" WC="0.98" CC="000101"/>
						<SP ID="P118_SP00117" HPOS="773" VPOS="718" WIDTH="19"/>
						<String ID="P118_ST00132" HPOS="792" VPOS="691" WIDTH="32" HEIGHT="27" CONTENT="op" WC="0.98" CC="01"/>
						<SP ID="P118_SP00118" HPOS="824" VPOS="718" WIDTH="19"/>
						<String ID="P118_ST00133" HPOS="843" VPOS="692" WIDTH="51" HEIGHT="24" CONTENT="paa" WC="0.99" CC="001"/>
						<SP ID="P118_SP00119" HPOS="894" VPOS="718" WIDTH="18"/>
						<String ID="P118_ST00134" HPOS="912" VPOS="688" WIDTH="27" HEIGHT="23" CONTENT="de" WC="0.98" CC="01"/>
						<SP ID="P118_SP00120" HPOS="939" VPOS="718" WIDTH="20"/>
						<String ID="P118_ST00135" HPOS="959" VPOS="683" WIDTH="86" HEIGHT="34" CONTENT="forhcn" WC="0.93" CC="011211"/>
					</TextLine>
					<TextLine ID="P118_TL00016" HPOS="109" VPOS="728" WIDTH="936" HEIGHT="35">
						<String ID="P118_ST00136" HPOS="109" VPOS="731" WIDTH="101" HEIGHT="25" CONTENT="omtalte" WC="0.96" CC="0112001"/>
						<SP ID="P118_SP00121" HPOS="210" VPOS="756" WIDTH="22"/>
						<String ID="P118_ST00137" HPOS="232" VPOS="728" WIDTH="227" HEIGHT="35" CONTENT="Fjceldgrcesgange" WC="0.90" CC="2053001102011110"/>
						<SP ID="P118_SP00122" HPOS="459" VPOS="763" WIDTH="32"/>
						<String ID="P118_ST00138" HPOS="491" VPOS="729" WIDTH="42" HEIGHT="29" CONTENT="(til" WC="0.97" CC="1100"/>
						<SP ID="P118_SP00123" HPOS="533" VPOS="763" WIDTH="27"/>
						<String ID="P118_ST00139" HPOS="560" VPOS="728" WIDTH="113" HEIGHT="34" CONTENT="Seters)," WC="0.94" CC="11011102"/>
						<SP ID="P118_SP00124" HPOS="673" VPOS="763" WIDTH="31"/>
						<String ID="P118_ST00140" HPOS="704" VPOS="730" WIDTH="61" HEIGHT="28" CONTENT="hvor" WC="0.93" CC="2111"/>
						<SP ID="P118_SP00125" HPOS="765" VPOS="763" WIDTH="20"/>
						<String ID="P118_ST00141" HPOS="785" VPOS="731" WIDTH="47" HEIGHT="29" CONTENT="det," WC="0.93" CC="1111"/>
						<SP ID="P118_SP00126" HPOS="832" VPOS="763" WIDTH="29"/>
						<String ID="P118_ST00142" HPOS="861" VPOS="736" WIDTH="39" HEIGHT="18" CONTENT="om" WC="0.93" CC="11"/>
						<SP ID="P118_SP00127" HPOS="900" VPOS="763" WIDTH="28"/>
						<String ID="P118_ST00143" HPOS="928" VPOS="728" WIDTH="117" HEIGHT="26" CONTENT="Vinteren" WC="0.94" CC="21111011"/>
					</TextLine>
					<TextLine ID="P118_TL00017" HPOS="109" VPOS="770" WIDTH="936" HEIGHT="36">
						<String ID="P118_ST00144" HPOS="109" VPOS="775" WIDTH="45" HEIGHT="24" CONTENT="ved" WC="0.97" CC="110"/>
						<SP ID="P118_SP00128" HPOS="154" VPOS="799" WIDTH="19"/>
						<String ID="P118_ST00145" HPOS="173" VPOS="780" WIDTH="29" HEIGHT="19" CONTENT="en" WC="0.94" CC="10"/>
						<SP ID="P118_SP00129" HPOS="202" VPOS="799" WIDTH="20"/>
						<String ID="P118_ST00146" HPOS="222" VPOS="773" WIDTH="49" HEIGHT="30" CONTENT="ofte" WC="0.95" CC="1110"/>
						<SP ID="P118_SP00130" HPOS="271" VPOS="803" WIDTH="19"/>
						<String ID="P118_ST00147" HPOS="290" VPOS="777" WIDTH="76" HEIGHT="28" CONTENT="meget" WC="0.96" CC="11101"/>
						<SP ID="P118_SP00131" HPOS="366" VPOS="805" WIDTH="25"/>
						<String ID="P118_ST00148" HPOS="391" VPOS="772" WIDTH="41" HEIGHT="32" CONTENT="slet" WC="0.94" CC="0111"/>
						<SP ID="P118_SP00132" HPOS="432" VPOS="805" WIDTH="19"/>
						<String ID="P118_ST00149" HPOS="451" VPOS="772" WIDTH="79" HEIGHT="32" CONTENT="Pleie," WC="0.93" CC="101040"/>
						<SP ID="P118_SP00133" HPOS="530" VPOS="805" WIDTH="19"/>
						<String ID="P118_ST00150" HPOS="549" VPOS="773" WIDTH="122" HEIGHT="31" CONTENT="udsultede" WC="0.97" CC="100011001"/>
						<SP ID="P118_SP00134" HPOS="671" VPOS="805" WIDTH="17"/>
						<String ID="P118_ST00151" HPOS="688" VPOS="773" WIDTH="95" HEIGHT="33" CONTENT="Qvcrg," WC="0.87" CC="312120"/>
						<SP ID="P118_SP00135" HPOS="783" VPOS="806" WIDTH="25"/>
						<String ID="P118_ST00152" HPOS="808" VPOS="772" WIDTH="8" HEIGHT="26" CONTENT="i" WC="0.96" CC="1"/>
						<SP ID="P118_SP00136" HPOS="816" VPOS="806" WIDTH="19"/>
						<String ID="P118_ST00153" HPOS="835" VPOS="772" WIDTH="53" HEIGHT="26" CONTENT="kort" WC="0.95" CC="1101"/>
						<SP ID="P118_SP00137" HPOS="888" VPOS="806" WIDTH="19"/>
						<String ID="P118_ST00154" HPOS="907" VPOS="770" WIDTH="49" HEIGHT="28" CONTENT="Tid" WC="0.91" CC="120"/>
						<SP ID="P118_SP00138" HPOS="956" VPOS="806" WIDTH="12"/>
						<String ID="P118_ST00155" HPOS="968" VPOS="771" WIDTH="77" HEIGHT="27" CONTENT="bliver" WC="0.97" CC="100110"/>
					</TextLine>
					<TextLine ID="P118_TL00018" HPOS="108" VPOS="814" WIDTH="936" HEIGHT="36">
						<String ID="P118_ST00156" HPOS="108" VPOS="816" WIDTH="114" HEIGHT="31" CONTENT="scrrdcles" WC="0.94" CC="011101111"/>
						<SP ID="P118_SP00139" HPOS="222" VPOS="847" WIDTH="26"/>
						<String ID="P118_ST00157" HPOS="248" VPOS="815" WIDTH="50" HEIGHT="31" CONTENT="fedt" WC="0.93" CC="1201"/>
						<SP ID="P118_SP00140" HPOS="298" VPOS="847" WIDTH="19"/>
						<String ID="P118_ST00158" HPOS="317" VPOS="824" WIDTH="28" HEIGHT="26" CONTENT="og" WC="0.94" CC="11"/>
						<SP ID="P118_SP00141" HPOS="345" VPOS="850" WIDTH="29"/>
						<String ID="P118_ST00159" HPOS="374" VPOS="815" WIDTH="95" HEIGHT="33" CONTENT="afgiver" WC="0.96" CC="0010111"/>
						<SP ID="P118_SP00142" HPOS="469" VPOS="850" WIDTH="30"/>
						<String ID="P118_ST00160" HPOS="499" VPOS="820" WIDTH="22" HEIGHT="23" CONTENT="et" WC="0.96" CC="11"/>
						<SP ID="P118_SP00143" HPOS="521" VPOS="850" WIDTH="28"/>
						<String ID="P118_ST00161" HPOS="549" VPOS="816" WIDTH="94" HEIGHT="34" CONTENT="rigeligt" WC="0.97" CC="10110011"/>
						<SP ID="P118_SP00144" HPOS="643" VPOS="850" WIDTH="21"/>
						<String ID="P118_ST00162" HPOS="664" VPOS="817" WIDTH="112" HEIGHT="31" CONTENT="Product" WC="0.97" CC="1110110"/>
						<SP ID="P118_SP00145" HPOS="776" VPOS="850" WIDTH="21"/>
						<String ID="P118_ST00163" HPOS="797" VPOS="814" WIDTH="29" HEIGHT="31" CONTENT="af" WC="0.98" CC="01"/>
						<SP ID="P118_SP00146" HPOS="826" VPOS="850" WIDTH="23"/>
						<String ID="P118_ST00164" HPOS="849" VPOS="815" WIDTH="79" HEIGHT="31" CONTENT="Melk," WC="0.96" CC="11110"/>
						<SP ID="P118_SP00147" HPOS="928" VPOS="850" WIDTH="26"/>
						<String ID="P118_ST00165" HPOS="954" VPOS="815" WIDTH="90" HEIGHT="31" CONTENT="Smsr," WC="0.87" CC="11410"/>
					</TextLine>
					<TextLine ID="P118_TL00019" HPOS="109" VPOS="858" WIDTH="936" HEIGHT="36">
						<String ID="P118_ST00166" HPOS="109" VPOS="861" WIDTH="56" HEIGHT="29" CONTENT="Ost," WC="0.87" CC="1221"/>
						<SP ID="P118_SP00148" HPOS="165" VPOS="890" WIDTH="19"/>
						<String ID="P118_ST00167" HPOS="184" VPOS="867" WIDTH="32" HEIGHT="19" CONTENT="m." WC="0.96" CC="01"/>
						<SP ID="P118_SP00149" HPOS="216" VPOS="890" WIDTH="20"/>
						<String ID="P118_ST00168" HPOS="236" VPOS="867" WIDTH="31" HEIGHT="19" CONTENT="m." WC="0.94" CC="10"/>
						<SP ID="P118_SP00150" HPOS="267" VPOS="890" WIDTH="39"/>
						<String ID="P118_ST00169" HPOS="306" VPOS="860" WIDTH="58" HEIGHT="26" CONTENT="Den" WC="0.96" CC="011"/>
						<SP ID="P118_SP00151" HPOS="364" VPOS="890" WIDTH="21"/>
						<String ID="P118_ST00170" HPOS="385" VPOS="861" WIDTH="63" HEIGHT="31" CONTENT="gode" WC="0.94" CC="1101"/>
						<SP ID="P118_SP00152" HPOS="448" VPOS="892" WIDTH="19"/>
						<String ID="P118_ST00171" HPOS="467" VPOS="867" WIDTH="33" HEIGHT="26" CONTENT="og" WC="0.98" CC="01"/>
						<SP ID="P118_SP00153" HPOS="500" VPOS="893" WIDTH="19"/>
						<String ID="P118_ST00172" HPOS="519" VPOS="860" WIDTH="97" HEIGHT="34" CONTENT="rigelige" WC="0.95" CC="10110021"/>
						<SP ID="P118_SP00154" HPOS="616" VPOS="894" WIDTH="20"/>
						<String ID="P118_ST00173" HPOS="636" VPOS="859" WIDTH="114" HEIGHT="34" CONTENT="Ncrring," WC="0.93" CC="21210110"/>
						<SP ID="P118_SP00155" HPOS="750" VPOS="894" WIDTH="18"/>
						<String ID="P118_ST00174" HPOS="768" VPOS="859" WIDTH="50" HEIGHT="32" CONTENT="som" WC="0.95" CC="011"/>
						<SP ID="P118_SP00156" HPOS="818" VPOS="894" WIDTH="14"/>
						<String ID="P118_ST00175" HPOS="832" VPOS="858" WIDTH="119" HEIGHT="34" CONTENT="Qvcrget," WC="0.92" CC="11111110"/>
						<SP ID="P118_SP00157" HPOS="951" VPOS="894" WIDTH="18"/>
						<String ID="P118_ST00176" HPOS="969" VPOS="859" WIDTH="76" HEIGHT="30" CONTENT="saale" SUBS_TYPE="HypPart1" SUBS_CONTENT="saaledes" WC="0.96" CC="011002"/>
						<HYP CONTENT="-"/>
					</TextLine>
					<TextLine ID="P118_TL00020" HPOS="108" VPOS="902" WIDTH="937" HEIGHT="34">
						<String ID="P118_ST00177" HPOS="108" VPOS="905" WIDTH="44" HEIGHT="25" CONTENT="des" SUBS_TYPE="HypPart2" SUBS_CONTENT="saaledes" WC="0.99" CC="010"/>
						<SP ID="P118_SP00158" HPOS="152" VPOS="930" WIDTH="19"/>
						<String ID="P118_ST00178" HPOS="171" VPOS="904" WIDTH="46" HEIGHT="32" CONTENT="har" WC="0.94" CC="120"/>
						<SP ID="P118_SP00159" HPOS="217" VPOS="936" WIDTH="19"/>
						<String ID="P118_ST00179" HPOS="236" VPOS="902" WIDTH="135" HEIGHT="34" CONTENT="Anledning" WC="0.82" CC="811311011"/>
						<SP ID="P118_SP00160" HPOS="371" VPOS="936" WIDTH="21"/>
						<String ID="P118_ST00180" HPOS="392" VPOS="903" WIDTH="27" HEIGHT="26" CONTENT="til" WC="0.99" CC="100"/>
						<SP ID="P118_SP00161" HPOS="419" VPOS="936" WIDTH="18"/>
						<String ID="P118_ST00181" HPOS="437" VPOS="907" WIDTH="27" HEIGHT="22" CONTENT="at" WC="0.98" CC="10"/>
						<SP ID="P118_SP00162" HPOS="464" VPOS="936" WIDTH="15"/>
						<String ID="P118_ST00182" HPOS="479" VPOS="903" WIDTH="42" HEIGHT="30" CONTENT="faa" WC="0.94" CC="021"/>
						<SP ID="P118_SP00163" HPOS="521" VPOS="936" WIDTH="21"/>
						<String ID="P118_ST00183" HPOS="542" VPOS="911" WIDTH="38" HEIGHT="19" CONTENT="om" WC="0.94" CC="11"/>
						<SP ID="P118_SP00164" HPOS="580" VPOS="936" WIDTH="21"/>
						<String ID="P118_ST00184" HPOS="601" VPOS="904" WIDTH="162" HEIGHT="29" CONTENT="Sommeren," WC="0.90" CC="111111104"/>
						<SP ID="P118_SP00165" HPOS="763" VPOS="936" WIDTH="29"/>
						<String ID="P118_ST00185" HPOS="792" VPOS="902" WIDTH="114" HEIGHT="31" CONTENT="bevirker," WC="0.97" CC="001001011"/>
						<SP ID="P118_SP00166" HPOS="906" VPOS="936" WIDTH="20"/>
						<String ID="P118_ST00186" HPOS="926" VPOS="906" WIDTH="26" HEIGHT="24" CONTENT="at" WC="0.96" CC="11"/>
						<SP ID="P118_SP00167" HPOS="952" VPOS="936" WIDTH="18"/>
						<String ID="P118_ST00187" HPOS="970" VPOS="902" WIDTH="75" HEIGHT="28" CONTENT="Land" SUBS_TYPE="HypPart1" SUBS_CONTENT="Landmanden" WC="0.87" CC="41102"/>
						<HYP CONTENT="-"/>
					</TextLine>
					<TextLine ID="P118_TL00021" HPOS="110" VPOS="946" WIDTH="933" HEIGHT="35">
						<String ID="P118_ST00188" HPOS="110" VPOS="950" WIDTH="104" HEIGHT="24" CONTENT="manden" SUBS_TYPE="HypPart2" SUBS_CONTENT="Landmanden" WC="0.96" CC="011011"/>
						<SP ID="P118_SP00168" HPOS="214" VPOS="974" WIDTH="17"/>
						<String ID="P118_ST00189" HPOS="231" VPOS="948" WIDTH="91" HEIGHT="32" CONTENT="lagger" WC="0.90" CC="031210"/>
						<SP ID="P118_SP00169" HPOS="322" VPOS="980" WIDTH="20"/>
						<String ID="P118_ST00190" HPOS="342" VPOS="948" WIDTH="31" HEIGHT="33" CONTENT="sig" WC="0.88" CC="221"/>
						<SP ID="P118_SP00170" HPOS="373" VPOS="981" WIDTH="18"/>
						<String ID="P118_ST00191" HPOS="391" VPOS="947" WIDTH="27" HEIGHT="26" CONTENT="til" WC="0.97" CC="010"/>
						<SP ID="P118_SP00171" HPOS="418" VPOS="981" WIDTH="23"/>
						<String ID="P118_ST00192" HPOS="441" VPOS="951" WIDTH="23" HEIGHT="21" CONTENT="et" WC="0.96" CC="11"/>
						<SP ID="P118_SP00172" HPOS="464" VPOS="981" WIDTH="18"/>
						<String ID="P118_ST00193" HPOS="482" VPOS="947" WIDTH="70" HEIGHT="31" CONTENT="storre" WC="0.94" CC="112001"/>
						<SP ID="P118_SP00173" HPOS="552" VPOS="981" WIDTH="19"/>
						<String ID="P118_ST00194" HPOS="571" VPOS="947" WIDTH="75" HEIGHT="27" CONTENT="Antal" WC="0.90" CC="11221"/>
						<SP ID="P118_SP00174" HPOS="646" VPOS="981" WIDTH="19"/>
						<String ID="P118_ST00195" HPOS="665" VPOS="947" WIDTH="95" HEIGHT="33" CONTENT="Qvcrg," WC="0.86" CC="203212"/>
						<SP ID="P118_SP00175" HPOS="760" VPOS="981" WIDTH="20"/>
						<String ID="P118_ST00196" HPOS="780" VPOS="948" WIDTH="44" HEIGHT="25" CONTENT="end" WC="0.97" CC="010"/>
						<SP ID="P118_SP00176" HPOS="824" VPOS="981" WIDTH="27"/>
						<String ID="P118_ST00197" HPOS="851" VPOS="947" WIDTH="48" HEIGHT="32" CONTENT="han" WC="0.96" CC="100"/>
						<SP ID="P118_SP00177" HPOS="899" VPOS="981" WIDTH="24"/>
						<String ID="P118_ST00198" HPOS="923" VPOS="954" WIDTH="40" HEIGHT="18" CONTENT="om" WC="0.91" CC="11"/>
						<SP ID="P118_SP00178" HPOS="963" VPOS="981" WIDTH="19"/>
						<String ID="P118_ST00199" HPOS="982" VPOS="946" WIDTH="61" HEIGHT="27" CONTENT="Vin" SUBS_TYPE="HypPart1" SUBS_CONTENT="Vinteren" WC="0.80" CC="6011"/>
						<HYP CONTENT="-"/>
					</TextLine>
					<TextLine ID="P118_TL00022" HPOS="111" VPOS="989" WIDTH="932" HEIGHT="35">
						<String ID="P118_ST00200" HPOS="111" VPOS="996" WIDTH="65" HEIGHT="22" CONTENT="teren" SUBS_TYPE="HypPart2" SUBS_CONTENT="Vinteren" WC="0.96" CC="00111"/>
						<SP ID="P118_SP00179" HPOS="176" VPOS="1018" WIDTH="16"/>
						<String ID="P118_ST00201" HPOS="192" VPOS="991" WIDTH="44" HEIGHT="26" CONTENT="kan" WC="0.93" CC="111"/>
						<SP ID="P118_SP00180" HPOS="236" VPOS="1018" WIDTH="19"/>
						<String ID="P118_ST00202" HPOS="255" VPOS="998" WIDTH="99" HEIGHT="23" CONTENT="erncrre," WC="0.94" CC="11121011"/>
						<SP ID="P118_SP00181" HPOS="354" VPOS="1021" WIDTH="19"/>
						<String ID="P118_ST00203" HPOS="373" VPOS="991" WIDTH="86" HEIGHT="32" CONTENT="hvilket" WC="0.97" CC="1100111"/>
						<SP ID="P118_SP00182" HPOS="459" VPOS="1023" WIDTH="18"/>
						<String ID="P118_ST00204" HPOS="477" VPOS="991" WIDTH="63" HEIGHT="33" CONTENT="igicn" WC="0.96" CC="12000"/>
						<SP ID="P118_SP00183" HPOS="540" VPOS="1024" WIDTH="18"/>
						<String ID="P118_ST00205" HPOS="558" VPOS="990" WIDTH="154" HEIGHT="34" CONTENT="foraarsager" WC="0.93" CC="01113101111"/>
						<SP ID="P118_SP00184" HPOS="712" VPOS="1024" WIDTH="18"/>
						<String ID="P118_ST00206" HPOS="730" VPOS="991" WIDTH="167" HEIGHT="33" CONTENT="Hungersnod" WC="0.96" CC="2000010021"/>
						<SP ID="P118_SP00185" HPOS="897" VPOS="1024" WIDTH="15"/>
						<String ID="P118_ST00207" HPOS="912" VPOS="989" WIDTH="39" HEIGHT="33" CONTENT="for" WC="0.97" CC="110"/>
						<SP ID="P118_SP00186" HPOS="951" VPOS="1024" WIDTH="12"/>
						<String ID="P118_ST00208" HPOS="963" VPOS="989" WIDTH="80" HEIGHT="27" CONTENT="Qvcr" SUBS_TYPE="HypPart1" SUBS_CONTENT="Qvcrget" WC="0.76" CC="20524"/>
						<HYP CONTENT="-"/>
					</TextLine>
					<TextLine ID="P118_TL00023" HPOS="110" VPOS="1033" WIDTH="935" HEIGHT="35">
						<String ID="P118_ST00209" HPOS="110" VPOS="1040" WIDTH="39" HEIGHT="28" CONTENT="get" SUBS_TYPE="HypPart2" SUBS_CONTENT="Qvcrget" WC="0.85" CC="321"/>
						<SP ID="P118_SP00187" HPOS="149" VPOS="1068" WIDTH="17"/>
						<String ID="P118_ST00210" HPOS="166" VPOS="1043" WIDTH="30" HEIGHT="25" CONTENT="og" WC="0.94" CC="11"/>
						<SP ID="P118_SP00188" HPOS="196" VPOS="1068" WIDTH="23"/>
						<String ID="P118_ST00211" HPOS="219" VPOS="1034" WIDTH="71" HEIGHT="33" CONTENT="deraf" WC="0.95" CC="10111"/>
						<SP ID="P118_SP00189" HPOS="290" VPOS="1068" WIDTH="16"/>
						<String ID="P118_ST00212" HPOS="306" VPOS="1034" WIDTH="142" HEIGHT="31" CONTENT="opstaaende" WC="0.96" CC="1100110110"/>
						<SP ID="P118_SP00190" HPOS="448" VPOS="1068" WIDTH="19"/>
						<String ID="P118_ST00213" HPOS="467" VPOS="1036" WIDTH="76" HEIGHT="24" CONTENT="andre" WC="0.96" CC="10111"/>
						<SP ID="P118_SP00191" HPOS="543" VPOS="1068" WIDTH="28"/>
						<String ID="P118_ST00214" HPOS="571" VPOS="1033" WIDTH="121" HEIGHT="33" CONTENT="Ulemper," WC="0.88" CC="21122411"/>
						<SP ID="P118_SP00192" HPOS="692" VPOS="1068" WIDTH="21"/>
						<String ID="P118_ST00215" HPOS="713" VPOS="1034" WIDTH="52" HEIGHT="32" CONTENT="iscer" WC="0.88" CC="10321"/>
						<SP ID="P118_SP00193" HPOS="765" VPOS="1068" WIDTH="20"/>
						<String ID="P118_ST00216" HPOS="785" VPOS="1041" WIDTH="29" HEIGHT="20" CONTENT="en" WC="0.96" CC="11"/>
						<SP ID="P118_SP00194" HPOS="814" VPOS="1068" WIDTH="22"/>
						<String ID="P118_ST00217" HPOS="836" VPOS="1033" WIDTH="183" HEIGHT="34" CONTENT="Formindskelse" WC="0.98" CC="1010000011000"/>
						<SP ID="P118_SP00195" HPOS="1019" VPOS="1068" WIDTH="19"/>
						<String ID="P118_ST00218" HPOS="1038" VPOS="1033" WIDTH="7" HEIGHT="27" CONTENT="i" WC="0.96" CC="1"/>
					</TextLine>
					<TextLine ID="P118_TL00024" HPOS="111" VPOS="1077" WIDTH="934" HEIGHT="34">
						<String ID="P118_ST00219" HPOS="111" VPOS="1078" WIDTH="164" HEIGHT="28" CONTENT="Qvantitcten" WC="0.93" CC="11201001221"/>
						<SP ID="P118_SP00196" HPOS="275" VPOS="1106" WIDTH="31"/>
						<String ID="P118_ST00220" HPOS="306" VPOS="1086" WIDTH="31" HEIGHT="25" CONTENT="og" WC="0.96" CC="11"/>
						<SP ID="P118_SP00197" HPOS="337" VPOS="1111" WIDTH="22"/>
						<String ID="P118_ST00221" HPOS="359" VPOS="1078" WIDTH="147" HEIGHT="26" CONTENT="Qvaliteteu" WC="0.94" CC="0130010101"/>
						<SP ID="P118_SP00198" HPOS="506" VPOS="1111" WIDTH="28"/>
						<String ID="P118_ST00222" HPOS="534" VPOS="1077" WIDTH="31" HEIGHT="32" CONTENT="af" WC="0.96" CC="10"/>
						<SP ID="P118_SP00199" HPOS="565" VPOS="1111" WIDTH="20"/>
						<String ID="P118_ST00223" HPOS="585" VPOS="1077" WIDTH="216" HEIGHT="34" CONTENT="Qvcrgavlingens" WC="0.93" CC="11111110011110"/>
						<SP ID="P118_SP00200" HPOS="801" VPOS="1111" WIDTH="24"/>
						<String ID="P118_ST00224" HPOS="825" VPOS="1078" WIDTH="151" HEIGHT="33" CONTENT="Producter;" WC="0.96" CC="1110110001"/>
						<SP ID="P118_SP00201" HPOS="976" VPOS="1111" WIDTH="36"/>
						<String ID="P118_ST00225" HPOS="1012" VPOS="1077" WIDTH="33" HEIGHT="32" CONTENT="thi" WC="0.97" CC="110"/>
					</TextLine>
					<TextLine ID="P118_TL00025" HPOS="112" VPOS="1118" WIDTH="933" HEIGHT="37">
						<String ID="P118_ST00226" HPOS="112" VPOS="1122" WIDTH="63" HEIGHT="32" CONTENT="disse" WC="0.96" CC="01200"/>
						<SP ID="P118_SP00202" HPOS="175" VPOS="1154" WIDTH="31"/>
						<String ID="P118_ST00227" HPOS="206" VPOS="1130" WIDTH="37" HEIGHT="17" CONTENT="ere" WC="0.99" CC="100"/>
						<SP ID="P118_SP00203" HPOS="243" VPOS="1154" WIDTH="19"/>
						<String ID="P118_ST00228" HPOS="262" VPOS="1118" WIDTH="81" HEIGHT="37" CONTENT="ganske" WC="0.84" CC="110511"/>
						<SP ID="P118_SP00204" HPOS="343" VPOS="1155" WIDTH="18"/>
						<String ID="P118_ST00229" HPOS="361" VPOS="1121" WIDTH="136" HEIGHT="34" CONTENT="afhcengige" WC="0.91" CC="0132211100"/>
						<SP ID="P118_SP00205" HPOS="497" VPOS="1155" WIDTH="19"/>
						<String ID="P118_ST00230" HPOS="516" VPOS="1120" WIDTH="29" HEIGHT="32" CONTENT="af" WC="0.98" CC="01"/>
						<SP ID="P118_SP00206" HPOS="545" VPOS="1155" WIDTH="21"/>
						<String ID="P118_ST00231" HPOS="566" VPOS="1120" WIDTH="124" HEIGHT="34" CONTENT="Qvcrgcts" WC="0.92" CC="11121111"/>
						<SP ID="P118_SP00207" HPOS="690" VPOS="1155" WIDTH="22"/>
						<String ID="P118_ST00232" HPOS="712" VPOS="1121" WIDTH="67" HEIGHT="33" CONTENT="Rogt" WC="0.85" CC="2211"/>
						<SP ID="P118_SP00208" HPOS="779" VPOS="1155" WIDTH="17"/>
						<String ID="P118_ST00233" HPOS="796" VPOS="1128" WIDTH="31" HEIGHT="26" CONTENT="og" WC="0.96" CC="01"/>
						<SP ID="P118_SP00209" HPOS="827" VPOS="1155" WIDTH="21"/>
						<String ID="P118_ST00234" HPOS="848" VPOS="1121" WIDTH="77" HEIGHT="32" CONTENT="Pleie." WC="0.97" CC="100020"/>
						<SP ID="P118_SP00210" HPOS="925" VPOS="1155" WIDTH="52"/>
						<String ID="P118_ST00235" HPOS="977" VPOS="1120" WIDTH="68" HEIGHT="27" CONTENT="Man" WC="0.94" CC="111"/>
					</TextLine>
					<TextLine ID="P118_TL00026" HPOS="112" VPOS="1164" WIDTH="933" HEIGHT="36">
						<String ID="P118_ST00236" HPOS="112" VPOS="1167" WIDTH="44" HEIGHT="30" CONTENT="har" WC="0.93" CC="111"/>
						<SP ID="P118_SP00211" HPOS="156" VPOS="1197" WIDTH="29"/>
						<String ID="P118_ST00237" HPOS="185" VPOS="1165" WIDTH="130" HEIGHT="35" CONTENT="Efcmpler" WC="0.86" CC="17111011"/>
						<SP ID="P118_SP00212" HPOS="315" VPOS="1200" WIDTH="20"/>
						<String ID="P118_ST00238" HPOS="335" VPOS="1172" WIDTH="59" HEIGHT="25" CONTENT="paa," WC="0.87" CC="0140"/>
						<SP ID="P118_SP00213" HPOS="394" VPOS="1200" WIDTH="28"/>
						<String ID="P118_ST00239" HPOS="422" VPOS="1170" WIDTH="26" HEIGHT="21" CONTENT="at" WC="0.96" CC="01"/>
						<SP ID="P118_SP00214" HPOS="448" VPOS="1200" WIDTH="29"/>
						<String ID="P118_ST00240" HPOS="477" VPOS="1164" WIDTH="75" HEIGHT="30" CONTENT="Koer," WC="0.96" CC="11001"/>
						<SP ID="P118_SP00215" HPOS="552" VPOS="1200" WIDTH="23"/>
						<String ID="P118_ST00241" HPOS="575" VPOS="1166" WIDTH="40" HEIGHT="25" CONTENT="der" WC="1.00" CC="000"/>
						<SP ID="P118_SP00216" HPOS="615" VPOS="1200" WIDTH="24"/>
						<String ID="P118_ST00242" HPOS="639" VPOS="1165" WIDTH="65" HEIGHT="26" CONTENT="kalve" WC="0.98" CC="10100"/>
						<SP ID="P118_SP00217" HPOS="704" VPOS="1200" WIDTH="29"/>
						<String ID="P118_ST00243" HPOS="733" VPOS="1172" WIDTH="37" HEIGHT="18" CONTENT="om" WC="0.98" CC="01"/>
						<SP ID="P118_SP00218" HPOS="770" VPOS="1200" WIDTH="21"/>
						<String ID="P118_ST00244" HPOS="791" VPOS="1165" WIDTH="126" HEIGHT="30" CONTENT="Vinteren," WC="0.96" CC="101111110"/>
						<SP ID="P118_SP00219" HPOS="917" VPOS="1200" WIDTH="30"/>
						<String ID="P118_ST00245" HPOS="947" VPOS="1164" WIDTH="49" HEIGHT="32" CONTENT="som" WC="0.94" CC="111"/>
						<SP ID="P118_SP00220" HPOS="996" VPOS="1200" WIDTH="20"/>
						<String ID="P118_ST00246" HPOS="1016" VPOS="1172" WIDTH="29" HEIGHT="19" CONTENT="en" WC="0.93" CC="11"/>
					</TextLine>
					<TextLine ID="P118_TL00027" HPOS="112" VPOS="1207" WIDTH="933" HEIGHT="36">
						<String ID="P118_ST00247" HPOS="112" VPOS="1209" WIDTH="73" HEIGHT="34" CONTENT="Folge" WC="0.83" CC="25020"/>
						<SP ID="P118_SP00221" HPOS="185" VPOS="1243" WIDTH="32"/>
						<String ID="P118_ST00248" HPOS="217" VPOS="1208" WIDTH="28" HEIGHT="32" CONTENT="af" WC="0.96" CC="11"/>
						<SP ID="P118_SP00222" HPOS="245" VPOS="1243" WIDTH="23"/>
						<String ID="P118_ST00249" HPOS="268" VPOS="1210" WIDTH="40" HEIGHT="30" CONTENT="sset" WC="0.93" CC="1101"/>
						<SP ID="P118_SP00223" HPOS="308" VPOS="1243" WIDTH="22"/>
						<String ID="P118_ST00250" HPOS="330" VPOS="1209" WIDTH="67" HEIGHT="32" CONTENT="Pleie" WC="0.97" CC="11100"/>
						<SP ID="P118_SP00224" HPOS="397" VPOS="1243" WIDTH="27"/>
						<String ID="P118_ST00251" HPOS="424" VPOS="1209" WIDTH="88" HEIGHT="29" CONTENT="nrsten" WC="0.80" CC="162220"/>
						<SP ID="P118_SP00225" HPOS="512" VPOS="1243" WIDTH="30"/>
						<String ID="P118_ST00252" HPOS="542" VPOS="1207" WIDTH="70" HEIGHT="33" CONTENT="ingen" WC="0.95" CC="11110"/>
						<SP ID="P118_SP00226" HPOS="612" VPOS="1243" WIDTH="20"/>
						<String ID="P118_ST00253" HPOS="632" VPOS="1207" WIDTH="68" HEIGHT="27" CONTENT="Melk" WC="0.97" CC="1000"/>
						<SP ID="P118_SP00227" HPOS="700" VPOS="1243" WIDTH="25"/>
						<String ID="P118_ST00254" HPOS="725" VPOS="1208" WIDTH="62" HEIGHT="30" CONTENT="have" WC="0.91" CC="1111"/>
						<SP ID="P118_SP00228" HPOS="787" VPOS="1243" WIDTH="20"/>
						<String ID="P118_ST00255" HPOS="807" VPOS="1208" WIDTH="68" HEIGHT="34" CONTENT="givet" WC="0.95" CC="10110"/>
						<SP ID="P118_SP00229" HPOS="875" VPOS="1243" WIDTH="31"/>
						<String ID="P118_ST00256" HPOS="906" VPOS="1208" WIDTH="81" HEIGHT="32" CONTENT="forend" WC="0.94" CC="121110"/>
						<SP ID="P118_SP00230" HPOS="987" VPOS="1243" WIDTH="26"/>
						<String ID="P118_ST00257" HPOS="1013" VPOS="1210" WIDTH="32" HEIGHT="25" CONTENT="ud" WC="1.00" CC="00"/>
					</TextLine>
					<TextLine ID="P118_TL00028" HPOS="112" VPOS="1252" WIDTH="933" HEIGHT="34">
						<String ID="P118_ST00258" HPOS="112" VPOS="1260" WIDTH="49" HEIGHT="23" CONTENT="paa" WC="0.89" CC="112"/>
						<SP ID="P118_SP00231" HPOS="161" VPOS="1283" WIDTH="19"/>
						<String ID="P118_ST00259" HPOS="180" VPOS="1252" WIDTH="101" HEIGHT="27" CONTENT="Vaarcn" WC="0.94" CC="110111"/>
						<SP ID="P118_SP00232" HPOS="281" VPOS="1283" WIDTH="18"/>
						<String ID="P118_ST00260" HPOS="299" VPOS="1260" WIDTH="28" HEIGHT="26" CONTENT="og" WC="0.87" CC="21"/>
						<SP ID="P118_SP00233" HPOS="327" VPOS="1286" WIDTH="17"/>
						<String ID="P118_ST00261" HPOS="344" VPOS="1252" WIDTH="160" HEIGHT="31" CONTENT="Sommeren," WC="0.88" CC="121131320"/>
						<SP ID="P118_SP00234" HPOS="504" VPOS="1286" WIDTH="19"/>
						<String ID="P118_ST00262" HPOS="523" VPOS="1259" WIDTH="61" HEIGHT="19" CONTENT="naar" WC="0.93" CC="1110"/>
						<SP ID="P118_SP00235" HPOS="584" VPOS="1286" WIDTH="27"/>
						<String ID="P118_ST00263" HPOS="611" VPOS="1253" WIDTH="28" HEIGHT="25" CONTENT="de" WC="0.94" CC="11"/>
						<SP ID="P118_SP00236" HPOS="639" VPOS="1286" WIDTH="27"/>
						<String ID="P118_ST00264" HPOS="666" VPOS="1259" WIDTH="37" HEIGHT="19" CONTENT="ere" WC="0.95" CC="111"/>
						<SP ID="P118_SP00237" HPOS="703" VPOS="1286" WIDTH="21"/>
						<String ID="P118_ST00265" HPOS="724" VPOS="1252" WIDTH="79" HEIGHT="27" CONTENT="komne" WC="0.95" CC="11110"/>
						<SP ID="P118_SP00238" HPOS="803" VPOS="1286" WIDTH="20"/>
						<String ID="P118_ST00266" HPOS="823" VPOS="1259" WIDTH="49" HEIGHT="25" CONTENT="paa" WC="0.95" CC="111"/>
						<SP ID="P118_SP00239" HPOS="872" VPOS="1286" WIDTH="18"/>
						<String ID="P118_ST00267" HPOS="890" VPOS="1252" WIDTH="155" HEIGHT="33" CONTENT="Grcrsgang." WC="0.91" CC="0123111110"/>
					</TextLine>
					<TextLine ID="P118_TL00029" HPOS="113" VPOS="1294" WIDTH="933" HEIGHT="35">
						<String ID="P118_ST00268" HPOS="113" VPOS="1297" WIDTH="50" HEIGHT="26" CONTENT="Om" WC="0.76" CC="50"/>
						<SP ID="P118_SP00240" HPOS="163" VPOS="1323" WIDTH="21"/>
						<String ID="P118_ST00269" HPOS="184" VPOS="1296" WIDTH="117" HEIGHT="27" CONTENT="Vinteren" WC="0.94" CC="10111210"/>
						<SP ID="P118_SP00241" HPOS="301" VPOS="1323" WIDTH="18"/>
						<String ID="P118_ST00270" HPOS="319" VPOS="1304" WIDTH="56" HEIGHT="18" CONTENT="maa" WC="0.93" CC="111"/>
						<SP ID="P118_SP00242" HPOS="375" VPOS="1323" WIDTH="19"/>
						<String ID="P118_ST00271" HPOS="394" VPOS="1296" WIDTH="110" HEIGHT="32" CONTENT="Qvcrget" WC="0.92" CC="1122110"/>
						<SP ID="P118_SP00243" HPOS="504" VPOS="1328" WIDTH="17"/>
						<String ID="P118_ST00272" HPOS="521" VPOS="1294" WIDTH="88" HEIGHT="34" CONTENT="nemlig" WC="0.92" CC="111101"/>
						<SP ID="P118_SP00244" HPOS="609" VPOS="1328" WIDTH="19"/>
						<String ID="P118_ST00273" HPOS="628" VPOS="1299" WIDTH="55" HEIGHT="30" CONTENT="tåge" WC="0.88" CC="1221"/>
						<SP ID="P118_SP00245" HPOS="683" VPOS="1329" WIDTH="21"/>
						<String ID="P118_ST00274" HPOS="704" VPOS="1296" WIDTH="92" HEIGHT="27" CONTENT="tillatte" WC="0.81" CC="10141440"/>
						<SP ID="P118_SP00246" HPOS="796" VPOS="1329" WIDTH="21"/>
						<String ID="P118_ST00275" HPOS="817" VPOS="1297" WIDTH="52" HEIGHT="26" CONTENT="med" WC="0.94" CC="102"/>
						<SP ID="P118_SP00247" HPOS="869" VPOS="1329" WIDTH="19"/>
						<String ID="P118_ST00276" HPOS="888" VPOS="1295" WIDTH="57" HEIGHT="30" CONTENT="Lov," WC="0.67" CC="3811"/>
						<SP ID="P118_SP00248" HPOS="945" VPOS="1329" WIDTH="15"/>
						<String ID="P118_ST00277" HPOS="960" VPOS="1295" WIDTH="86" HEIGHT="27" CONTENT="Gran" SUBS_TYPE="HypPart1" SUBS_CONTENT="Granbar," WC="0.81" CC="01117"/>
						<HYP CONTENT="-"/>
					</TextLine>
					<TextLine ID="P118_TL00030" HPOS="114" VPOS="1338" WIDTH="930" HEIGHT="36">
						<String ID="P118_ST00278" HPOS="114" VPOS="1340" WIDTH="52" HEIGHT="32" CONTENT="bar," SUBS_TYPE="HypPart2" SUBS_CONTENT="Granbar," WC="0.96" CC="1110"/>
						<SP ID="P118_SP00249" HPOS="166" VPOS="1372" WIDTH="30"/>
						<String ID="P118_ST00279" HPOS="196" VPOS="1339" WIDTH="146" HEIGHT="34" CONTENT="Virkeårene" WC="0.84" CC="2001290111"/>
						<SP ID="P118_SP00250" HPOS="342" VPOS="1373" WIDTH="19"/>
						<String ID="P118_ST00280" HPOS="361" VPOS="1340" WIDTH="78" HEIGHT="29" CONTENT="(Beit," WC="0.87" CC="242110"/>
						<SP ID="P118_SP00251" HPOS="439" VPOS="1373" WIDTH="19"/>
						<String ID="P118_ST00281" HPOS="458" VPOS="1339" WIDTH="98" HEIGHT="31" CONTENT="Gnav)," WC="0.91" CC="121110"/>
						<SP ID="P118_SP00252" HPOS="556" VPOS="1373" WIDTH="22"/>
						<String ID="P118_ST00282" HPOS="578" VPOS="1338" WIDTH="25" HEIGHT="32" CONTENT="ja" WC="0.94" CC="01"/>
						<SP ID="P118_SP00253" HPOS="603" VPOS="1373" WIDTH="18"/>
						<String ID="P118_ST00283" HPOS="621" VPOS="1342" WIDTH="76" HEIGHT="30" CONTENT="endog" WC="0.85" CC="11105"/>
						<SP ID="P118_SP00254" HPOS="697" VPOS="1373" WIDTH="17"/>
						<String ID="P118_ST00284" HPOS="714" VPOS="1339" WIDTH="176" HEIGHT="35" CONTENT="Hestegjodsel;" WC="0.93" CC="1122121110101"/>
						<SP ID="P118_SP00255" HPOS="890" VPOS="1374" WIDTH="31"/>
						<String ID="P118_ST00285" HPOS="921" VPOS="1339" WIDTH="75" HEIGHT="32" CONTENT="Halm" WC="0.89" CC="3111"/>
						<SP ID="P118_SP00256" HPOS="996" VPOS="1374" WIDTH="17"/>
						<String ID="P118_ST00286" HPOS="1013" VPOS="1346" WIDTH="31" HEIGHT="25" CONTENT="og" WC="0.93" CC="02"/>
					</TextLine>
					<TextLine ID="P118_TL00031" HPOS="115" VPOS="1382" WIDTH="931" HEIGHT="35">
						<String ID="P118_ST00287" HPOS="115" VPOS="1384" WIDTH="191" HEIGHT="31" CONTENT="Reensdyrmos" WC="0.94" CC="20102111110"/>
						<SP ID="P118_SP00257" HPOS="306" VPOS="1415" WIDTH="31"/>
						<String ID="P118_ST00288" HPOS="337" VPOS="1384" WIDTH="55" HEIGHT="31" CONTENT="hore" WC="0.93" CC="1111"/>
						<SP ID="P118_SP00258" HPOS="392" VPOS="1415" WIDTH="30"/>
						<String ID="P118_ST00289" HPOS="422" VPOS="1386" WIDTH="32" HEIGHT="23" CONTENT="da" WC="0.96" CC="11"/>
						<SP ID="P118_SP00259" HPOS="454" VPOS="1415" WIDTH="26"/>
						<String ID="P118_ST00290" HPOS="480" VPOS="1383" WIDTH="27" HEIGHT="26" CONTENT="til" WC="0.97" CC="010"/>
						<SP ID="P118_SP00260" HPOS="507" VPOS="1415" WIDTH="21"/>
						<String ID="P118_ST00291" HPOS="528" VPOS="1385" WIDTH="44" HEIGHT="24" CONTENT="den" WC="0.94" CC="111"/>
						<SP ID="P118_SP00261" HPOS="572" VPOS="1415" WIDTH="15"/>
						<String ID="P118_ST00292" HPOS="587" VPOS="1383" WIDTH="69" HEIGHT="27" CONTENT="bedre" WC="0.95" CC="21010"/>
						<SP ID="P118_SP00262" HPOS="656" VPOS="1415" WIDTH="18"/>
						<String ID="P118_ST00293" HPOS="674" VPOS="1383" WIDTH="111" HEIGHT="34" CONTENT="Raring." WC="0.80" CC="4430111"/>
						<SP ID="P118_SP00263" HPOS="785" VPOS="1417" WIDTH="52"/>
						<String ID="P118_ST00294" HPOS="837" VPOS="1383" WIDTH="58" HEIGHT="32" CONTENT="Paa" WC="0.94" CC="111"/>
						<SP ID="P118_SP00264" HPOS="895" VPOS="1417" WIDTH="19"/>
						<String ID="P118_ST00295" HPOS="914" VPOS="1382" WIDTH="132" HEIGHT="32" CONTENT="Vestkysten" WC="0.95" CC="1000110013"/>
					</TextLine>
					<TextLine ID="P118_TL00032" HPOS="114" VPOS="1424" WIDTH="932" HEIGHT="37">
						<String ID="P118_ST00296" HPOS="114" VPOS="1427" WIDTH="52" HEIGHT="30" CONTENT="iscrr" WC="0.95" CC="10110"/>
						<SP ID="P118_SP00265" HPOS="166" VPOS="1457" WIDTH="29"/>
						<String ID="P118_ST00297" HPOS="195" VPOS="1427" WIDTH="8" HEIGHT="27" CONTENT="i" WC="1.00" CC="0"/>
						<SP ID="P118_SP00266" HPOS="203" VPOS="1457" WIDTH="29"/>
						<String ID="P118_ST00298" HPOS="232" VPOS="1429" WIDTH="39" HEIGHT="25" CONTENT="det" WC="0.95" CC="111"/>
						<SP ID="P118_SP00267" HPOS="271" VPOS="1457" WIDTH="27"/>
						<String ID="P118_ST00299" HPOS="298" VPOS="1428" WIDTH="113" HEIGHT="33" CONTENT="nordlige" WC="0.99" CC="10100000"/>
						<SP ID="P118_SP00268" HPOS="411" VPOS="1461" WIDTH="26"/>
						<String ID="P118_ST00300" HPOS="437" VPOS="1427" WIDTH="85" HEIGHT="32" CONTENT="Norge" WC="0.83" CC="15021"/>
						<SP ID="P118_SP00269" HPOS="522" VPOS="1461" WIDTH="31"/>
						<String ID="P118_ST00301" HPOS="553" VPOS="1426" WIDTH="90" HEIGHT="31" CONTENT="bestaar" WC="0.93" CC="1111120"/>
						<SP ID="P118_SP00270" HPOS="643" VPOS="1461" WIDTH="22"/>
						<String ID="P118_ST00302" HPOS="665" VPOS="1426" WIDTH="155" HEIGHT="33" CONTENT="Vinterftden" WC="0.86" CC="10202055110"/>
						<SP ID="P118_SP00271" HPOS="820" VPOS="1461" WIDTH="21"/>
						<String ID="P118_ST00303" HPOS="841" VPOS="1429" WIDTH="77" HEIGHT="31" CONTENT="endog" WC="0.96" CC="10011"/>
						<SP ID="P118_SP00272" HPOS="918" VPOS="1461" WIDTH="19"/>
						<String ID="P118_ST00304" HPOS="937" VPOS="1424" WIDTH="28" HEIGHT="33" CONTENT="af" WC="0.98" CC="01"/>
						<SP ID="P118_SP00273" HPOS="965" VPOS="1461" WIDTH="17"/>
						<String ID="P118_ST00305" HPOS="982" VPOS="1426" WIDTH="64" HEIGHT="30" CONTENT="kogte" WC="0.87" CC="11401"/>
					</TextLine>
					<TextLine ID="P118_TL00033" HPOS="115" VPOS="1469" WIDTH="931" HEIGHT="35">
						<String ID="P118_ST00306" HPOS="115" VPOS="1469" WIDTH="128" HEIGHT="33" CONTENT="Smaasei," WC="0.89" CC="16000111"/>
						<SP ID="P118_SP00274" HPOS="243" VPOS="1502" WIDTH="20"/>
						<String ID="P118_ST00307" HPOS="263" VPOS="1471" WIDTH="178" HEIGHT="32" CONTENT="Fiskehoveder," WC="0.95" CC="1012110110100"/>
						<SP ID="P118_SP00275" HPOS="441" VPOS="1503" WIDTH="19"/>
						<String ID="P118_ST00308" HPOS="460" VPOS="1470" WIDTH="178" HEIGHT="33" CONTENT="Fistcindvolde" WC="0.94" CC="0022013010000"/>
						<SP ID="P118_SP00276" HPOS="638" VPOS="1503" WIDTH="19"/>
						<String ID="P118_ST00309" HPOS="657" VPOS="1478" WIDTH="29" HEIGHT="26" CONTENT="og" WC="0.91" CC="11"/>
						<SP ID="P118_SP00277" HPOS="686" VPOS="1504" WIDTH="18"/>
						<String ID="P118_ST00310" HPOS="704" VPOS="1470" WIDTH="81" HEIGHT="34" CONTENT="Tang." WC="0.81" CC="11260"/>
						<SP ID="P118_SP00278" HPOS="785" VPOS="1504" WIDTH="37"/>
						<String ID="P118_ST00311" HPOS="822" VPOS="1471" WIDTH="53" HEIGHT="26" CONTENT="Det" WC="0.96" CC="100"/>
						<SP ID="P118_SP00279" HPOS="875" VPOS="1504" WIDTH="17"/>
						<String ID="P118_ST00312" HPOS="892" VPOS="1469" WIDTH="96" HEIGHT="33" CONTENT="Qvcrg," WC="0.89" CC="122311"/>
						<SP ID="P118_SP00280" HPOS="988" VPOS="1504" WIDTH="17"/>
						<String ID="P118_ST00313" HPOS="1005" VPOS="1471" WIDTH="41" HEIGHT="23" CONTENT="der" WC="0.97" CC="010"/>
					</TextLine>
					<TextLine ID="P118_TL00034" HPOS="116" VPOS="1511" WIDTH="930" HEIGHT="36">
						<String ID="P118_ST00314" HPOS="116" VPOS="1520" WIDTH="37" HEIGHT="18" CONTENT="om" WC="0.94" CC="11"/>
						<SP ID="P118_SP00281" HPOS="153" VPOS="1538" WIDTH="20"/>
						<String ID="P118_ST00315" HPOS="173" VPOS="1513" WIDTH="117" HEIGHT="27" CONTENT="Vinteren" WC="0.97" CC="11101011"/>
						<SP ID="P118_SP00282" HPOS="290" VPOS="1540" WIDTH="18"/>
						<String ID="P118_ST00316" HPOS="308" VPOS="1521" WIDTH="62" HEIGHT="26" CONTENT="gaar" WC="0.86" CC="3111"/>
						<SP ID="P118_SP00283" HPOS="370" VPOS="1547" WIDTH="19"/>
						<String ID="P118_ST00317" HPOS="389" VPOS="1516" WIDTH="43" HEIGHT="24" CONTENT="ude" WC="0.96" CC="100"/>
						<SP ID="P118_SP00284" HPOS="432" VPOS="1547" WIDTH="22"/>
						<String ID="P118_ST00318" HPOS="454" VPOS="1521" WIDTH="49" HEIGHT="26" CONTENT="paa" WC="0.95" CC="110"/>
						<SP ID="P118_SP00285" HPOS="503" VPOS="1547" WIDTH="19"/>
						<String ID="P118_ST00319" HPOS="522" VPOS="1514" WIDTH="90" HEIGHT="31" CONTENT="Verne," WC="0.80" CC="711110"/>
						<SP ID="P118_SP00286" HPOS="612" VPOS="1547" WIDTH="19"/>
						<String ID="P118_ST00320" HPOS="631" VPOS="1522" WIDTH="102" HEIGHT="19" CONTENT="erncrrer" WC="0.94" CC="10121110"/>
						<SP ID="P118_SP00287" HPOS="733" VPOS="1547" WIDTH="27"/>
						<String ID="P118_ST00321" HPOS="760" VPOS="1516" WIDTH="32" HEIGHT="31" CONTENT="sig" WC="0.94" CC="111"/>
						<SP ID="P118_SP00288" HPOS="792" VPOS="1547" WIDTH="17"/>
						<String ID="P118_ST00322" HPOS="809" VPOS="1514" WIDTH="67" HEIGHT="27" CONTENT="decls" WC="0.98" CC="00111"/>
						<SP ID="P118_SP00289" HPOS="876" VPOS="1547" WIDTH="30"/>
						<String ID="P118_ST00323" HPOS="906" VPOS="1512" WIDTH="29" HEIGHT="31" CONTENT="af" WC="0.98" CC="10"/>
						<SP ID="P118_SP00290" HPOS="935" VPOS="1547" WIDTH="21"/>
						<String ID="P118_ST00324" HPOS="956" VPOS="1511" WIDTH="90" HEIGHT="33" CONTENT="vissent" WC="0.97" CC="0110010"/>
					</TextLine>
					<TextLine ID="P118_TL00035" HPOS="117" VPOS="1555" WIDTH="929" HEIGHT="36">
						<String ID="P118_ST00325" HPOS="117" VPOS="1555" WIDTH="87" HEIGHT="33" CONTENT="Grcrs," WC="0.86" CC="112401"/>
						<SP ID="P118_SP00291" HPOS="204" VPOS="1588" WIDTH="20"/>
						<String ID="P118_ST00326" HPOS="224" VPOS="1558" WIDTH="66" HEIGHT="26" CONTENT="decls" WC="0.87" CC="11302"/>
						<SP ID="P118_SP00292" HPOS="290" VPOS="1588" WIDTH="12"/>
						<String ID="P118_ST00327" HPOS="302" VPOS="1556" WIDTH="26" HEIGHT="33" CONTENT="af" WC="0.98" CC="01"/>
						<SP ID="P118_SP00293" HPOS="328" VPOS="1589" WIDTH="10"/>
						<String ID="P118_ST00328" HPOS="338" VPOS="1557" WIDTH="147" HEIGHT="32" CONTENT="Esplanter," WC="0.91" CC="1510000211"/>
						<SP ID="P118_SP00294" HPOS="485" VPOS="1589" WIDTH="18"/>
						<String ID="P118_ST00329" HPOS="503" VPOS="1557" WIDTH="76" HEIGHT="31" CONTENT="Tare," WC="0.96" CC="21100"/>
						<SP ID="P118_SP00295" HPOS="579" VPOS="1589" WIDTH="17"/>
						<String ID="P118_ST00330" HPOS="596" VPOS="1565" WIDTH="31" HEIGHT="19" CONTENT="m." WC="0.98" CC="10"/>
						<SP ID="P118_SP00296" HPOS="627" VPOS="1589" WIDTH="18"/>
						<String ID="P118_ST00331" HPOS="645" VPOS="1556" WIDTH="42" HEIGHT="29" CONTENT="M." WC="0.98" CC="10"/>
						<SP ID="P118_SP00297" HPOS="687" VPOS="1589" WIDTH="38"/>
						<String ID="P118_ST00332" HPOS="725" VPOS="1559" WIDTH="40" HEIGHT="27" CONTENT="De" WC="0.89" CC="11"/>
						<SP ID="P118_SP00298" HPOS="765" VPOS="1589" WIDTH="13"/>
						<String ID="P118_ST00333" HPOS="778" VPOS="1558" WIDTH="116" HEIGHT="33" CONTENT="saakaldte" WC="0.95" CC="010020011"/>
						<SP ID="P118_SP00299" HPOS="894" VPOS="1591" WIDTH="9"/>
						<String ID="P118_ST00334" HPOS="903" VPOS="1556" WIDTH="143" HEIGHT="33" CONTENT="Udganger" SUBS_TYPE="HypPart1" SUBS_CONTENT="Udgangerfaar," WC="0.93" CC="102101101"/>
						<HYP CONTENT="-"/>
					</TextLine>
				</TextBlock>
			</PrintSpace>
		</Page>
	</Layout>
</alto>
