1076 1742
568 39 35 26 62

117 117 28 20 en
163 110 38 32 for
219 109 105 33 Planter
341 106 41 33 fri,
403 110 25 27 d.
448 117 21 20 e.
486 117 27 20 en
531 110 72 28 stenet
624 117 32 27 og
675 109 53 33 iscrr
745 110 49 30 los,
812 110 84 34 sandig
918 109 133 31 lordbund

118 156 43 27 het»
178 160 31 26 og
229 157 47 23 tor,
295 151 62 33 fordi
375 155 44 25 den
438 153 135 34 begjærlige
591 161 30 26 og
638 155 80 26 udeelt
733 153 108 34 opsluger
859 154 193 30 Solstraalerne,

116 197 112 30 hvorhos
247 194 166 36 Fugtigheden
437 198 32 26 let
492 204 29 26 og
540 197 93 34 hurtigt
653 196 150 33 fordamper,
833 204 29 27 og
883 197 61 31 fordi
973 197 79 31 Jord-

117 241 95 25 bunden
231 239 120 34 forsvrigt
367 240 73 31 Intet
458 241 54 30 har,
533 240 112 33 hvorpaa
664 243 45 24 den
726 242 132 31 modtagne
876 240 94 27 Varme
988 239 64 35 igjen

116 284 73 26 kunde
210 286 135 24 anvendes,
398 283 121 34 kigcledes
544 283 109 33 forhoies
675 284 204 32 Temperaturen,
897 292 28 26 og
946 284 105 34 Vegela-

117 326 82 27 tionen
218 326 145 33 fremdrives
380 326 7 28 i
408 330 28 22 de
452 327 139 31 Districter,
612 328 50 31 som
684 330 44 24 ved
749 327 92 34 Fjcrlde
860 335 36 18 ere
922 328 130 33 bestyttede

116 373 56 24 mod
190 373 28 24 de
239 371 61 26 kolde
319 370 92 31 Vinde,
432 371 127 29 hvorimod
579 374 39 24 det
639 371 127 32 Modsatte
785 378 23 18 er
826 370 134 33 Tilfcrldet,
988 378 64 21 naar

117 414 122 33 Fjcrldene
268 417 77 24 danne
368 418 23 22 et
411 413 86 33 Slags
516 414 121 33 Formuur
657 418 57 23 mod
733 415 80 26 Solen
845 422 30 24 og
908 417 27 24 de
966 423 85 19 varme

117 458 88 27 Vinde.
241 457 123 30 Isolerede
384 457 150 34 Fjcrldtoppe
552 457 101 33 bevirke,
675 464 25 21 at
721 459 63 26 kolde
803 457 165 32 Luftstromme
986 459 66 32 synke

116 504 45 24 ned
183 503 75 30 langs
278 503 69 24 deres
365 502 87 26 Sider.
492 502 113 26 Dalenes
624 502 109 33 Retning
754 504 45 29 har
819 502 48 29 ofte
887 509 81 26 megen
987 502 64 30 Ind-

116 544 95 33 fiydelse
239 551 49 25 paa
318 545 193 34 Vegetationen;
548 544 34 33 thi
612 545 95 27 Kornet
737 546 43 27 kan
808 545 50 32 ofte
890 546 82 30 sscrres
1000 553 52 24 paa

117 589 140 31 Nordsiden
277 588 28 32 as
324 596 28 19 en
371 589 39 31 fra
427 589 57 31 Nest
502 589 27 26 til
547 589 46 31 M
612 589 55 26 eller
686 589 8 27 i
712 589 93 32 modsat
828 589 110 33 Retning
954 589 98 27 lsbende

117 633 65 29 Dal,
206 634 100 24 medens
326 634 40 24 det
384 639 50 24 paa
455 632 123 33 Sydsiden
598 636 81 23 endnu
700 634 64 28 staar
783 639 71 27 gront
878 641 29 26 og
928 632 68 33 udsat
1013 632 39 31 for

118 676 71 33 Frost
207 676 8 26 i
234 676 183 33 Hsstncrtterne.
464 677 40 26 De
521 677 77 30 Dale,
617 676 50 33 som
686 677 76 34 stryge
782 676 38 31 fra
839 677 33 26 N.
890 676 28 27 til
937 676 35 26 S.
996 677 56 26 eller

117 719 40 32 fra
177 719 60 27 NY.
258 720 26 25 til
303 720 72 31 SV.,
406 727 38 18 ere
462 720 40 26 vel
526 720 92 31 udsatte
643 721 41 31 for
709 724 28 22 de
754 719 109 34 nordlige
882 720 88 31 Vinde,
998 728 54 19 men

117 766 27 24 de
162 763 56 31 faae
237 763 35 33 rig
291 763 141 33 Erstatning
454 766 44 23 ved
519 765 44 24 den
585 763 51 33 hoie
653 764 166 32 Varmegrad,
846 763 49 30 som
913 763 138 34 Middags-

117 807 65 32 solen
199 814 30 25 og
245 809 60 24 dens
321 806 38 32 fra
377 808 72 32 begge
460 808 113 30 Dalsider
590 807 178 33 tilbagekastede
781 807 119 26 Straaler
915 807 53 32 give
991 810 61 24 dem.

119 851 139 26 Saadanne
269 851 64 25 Dale
351 850 45 26 lide
413 854 79 29 meget
509 850 29 32 af
549 851 69 33 Frost
632 859 39 17 om
685 852 89 32 Hosten
792 858 27 25 og
838 851 115 26 Vinteren
982 859 28 25 og
1026 850 28 33 af

118 893 76 28 Tsrke
213 901 38 18 om
267 893 158 32 Sommeren,
445 897 17 22 t.
476 892 45 34 Ef.
538 893 240 28 Gudbrandsdalen.
815 895 40 25 De
874 894 68 27 indre
954 894 98 34 Fjorde,

118 938 53 30 iscrr
189 937 8 27 i
215 938 109 33 Bergens
344 937 78 30 Stift,
441 937 61 31 have
523 936 7 27 i
549 937 192 34 Almindelighed
770 943 21 21 et
817 937 38 33 for
872 938 180 32 Vegetationen

118 981 111 34 scrrdeles
244 980 171 33 fordeelagtigt
431 980 94 31 Klima,
550 982 31 24 da
600 983 27 24 de
645 989 38 19 om
704 981 115 27 Vinteren
840 981 120 32 bestryges
981 982 29 30 af
1022 986 29 22 de

119 1025 87 31 milde,
226 1024 135 35 sydvestlige
392 1023 94 32 Vinde,
520 1031 32 27 og
582 1024 61 32 have
674 1032 37 18 om
737 1024 146 27 Sommeren
907 1026 146 30 østlandets

121 1069 216 30 Sommervarme,
360 1068 152 31 fordetmeste
535 1070 63 24 uden
617 1067 160 33 Sskysternes
792 1068 88 32 Taage
903 1076 31 26 og
949 1069 104 33 Fugtig-

121 1114 53 30 hed.
214 1113 61 32 Dog
295 1113 74 25 kunne
388 1114 38 28 de,
444 1111 53 31 iscrr
514 1118 49 25 paa
584 1111 133 33 Vcstsioen,
745 1111 38 30 fra
802 1113 88 29 bratte,
910 1111 143 33 sneebcdcek-

121 1156 54 26 kede
193 1154 90 35 Fjcelde
302 1157 161 31 nedstyrtende
483 1154 137 32 Iskelelve,
650 1161 50 26 paa
718 1154 90 28 Grund
835 1155 29 31 af
888 1157 71 25 deres
987 1155 67 33 oftest

121 1200 63 25 korte
205 1206 30 26 og
255 1198 91 35 hurtige
367 1198 45 28 Lsd
441 1198 21 27 ei
483 1200 120 25 meddeles
620 1200 28 24 de
665 1200 73 24 nedre
757 1198 111 35 Luftlags
888 1200 104 29 Varme;
1022 1206 32 27 og

121 1245 45 25 den
184 1242 75 31 stcrrke
278 1242 88 31 Kulde,
387 1242 50 32 som
458 1245 28 24 de
509 1241 114 32 medfsre,
647 1243 45 31 har
709 1242 83 32 derfor
809 1250 28 19 en
860 1247 75 30 meget
954 1241 101 35 skadelig

123 1286 119 33 Virkning
261 1292 49 25 paa
328 1285 153 33 Plantelivet
500 1285 7 26 i
526 1287 69 24 deres
614 1285 116 33 Narhed,
747 1287 52 31 iscer
818 1293 49 25 paa
885 1287 170 33 Kornagrene.

123 1330 40 26 De
181 1330 79 26 lavere
280 1328 94 35 Luftlag
392 1329 72 32 have,
486 1328 49 33 som
555 1329 114 31 bekjendt,
697 1337 28 19 en
750 1331 70 30 stsrre
845 1329 99 32 Tcrthed
964 1332 44 24 end
1027 1332 28 24 de

123 1372 91 35 hsiere;
241 1375 75 25 denne
333 1372 98 33 aftager
449 1371 183 33 efterhaanden,
658 1374 25 30 jo
704 1372 75 34 hoiere
801 1380 56 20 man
876 1373 104 26 kommer
998 1379 30 26 op
1045 1371 8 28 i

123 1416 188 32 Atmosphceren.
347 1416 85 32 Deraf
447 1416 87 34 felger,
553 1419 27 22 at
597 1415 72 35 ogsaa
688 1415 194 34 Temperaturen
899 1422 55 20 maa
973 1415 82 34 aftage

124 1462 54 23 mod
197 1459 107 34 Hsiden;
335 1460 33 32 thi
392 1460 24 32 jo
435 1460 93 33 ringere
547 1462 27 24 de
596 1459 137 35 forskjellige
753 1460 113 34 Luftlags
890 1458 101 32 Tcrthed
1021 1467 34 23 er,

124 1503 63 27 desto
210 1510 62 18 mere
291 1504 56 24 lette
369 1507 28 21 de
416 1504 196 31 Eolstraalernes
642 1502 45 33 frie
709 1504 199 31 Gjennemgang,
937 1509 31 26 og
994 1502 61 26 blive

126 1544 82 33 derfor
225 1546 121 33 saamcgct
364 1546 94 28 mindre
478 1551 157 30 opvarmede.
682 1547 62 32 Idet
763 1553 58 20 man
839 1544 38 33 fra
895 1546 98 33 Havets
1009 1545 46 28 Ni»
