1076 1737
561 39 36 26 60

112 111 112 34 ligeledes
246 113 74 29 megrt
338 107 173 37 fordeelagtigt
530 117 49 23 paa
597 110 195 32 Plantepcrxtcn.
839 109 63 28 Men
925 116 48 26 paa
999 111 46 26 den

112 158 80 23 anden
210 152 65 28 Side
297 153 103 27 bevirker
418 152 154 35 Himmelens
597 153 107 32 Klarhed
724 161 37 18 om
780 153 211 31 Ninterncrttcrne,
1019 157 26 23 at

112 205 57 19 man
186 203 50 24 paa
253 197 108 32 Vststden
382 197 49 32 ofte
452 197 129 34 hjemssges
600 198 29 31 af
645 197 62 30 stcrrk
727 197 84 33 Frost;
845 197 33 32 thi
905 200 44 24 den
978 196 67 34 ringe

111 241 102 31 Varme,
231 241 47 32 som
298 244 28 24 de
347 241 191 32 ssjcrvtfaldende
553 241 152 31 Solstraaler
729 248 37 19 om
789 241 91 33 Dagen
902 243 59 29 have
980 243 63 24 med-

112 285 61 26 deelt
197 284 108 33 Jorden,
331 286 88 31 straale
438 291 38 21 om
493 284 94 27 Natten
606 284 131 34 uafiadelig
760 286 32 25 ud
815 284 7 27 i
841 288 39 23 det
899 286 54 25 vide
971 284 70 34 Him-

110 330 117 32 melrum;
252 336 32 26 og
306 327 24 32 jo
348 335 110 20 varmere
476 329 91 34 Dagen
585 329 46 32 har
648 334 83 25 vcrret,
749 328 23 31 jo
792 335 80 19 renere
890 328 152 33 Nathimme-

112 373 37 25 len
170 380 34 23 er,
231 373 61 30 desto
311 372 102 31 stcrrkere
432 379 26 20 er
480 374 75 25 denne
570 371 140 30 Udstraalcn
728 379 32 27 og
779 372 61 29 desto
862 379 62 19 mere
943 373 100 26 bidende

110 424 25 18 er
153 415 107 28 Kulden.
313 415 65 27 Men
396 423 25 18 er
443 418 43 25 end
505 415 43 28 ikke
568 415 116 27 Vinteren
704 415 42 33 saa
765 416 77 32 streng
860 415 8 26 i
885 415 158 35 Kystcgnene,

110 459 41 32 saa
173 467 26 19 er
219 461 46 25 den
281 462 46 31 dog
346 461 43 30 her
408 467 46 19 raa
476 467 31 26 og
528 459 153 34 übehagelig.
733 459 88 27 Sneen
852 459 76 27 bliver
957 460 86 33 sjelden

110 505 78 32 lcrnge
217 503 118 34 liggende,
363 509 30 28 og
421 511 57 19 man
500 502 85 31 savner
612 502 81 31 derfor
721 505 40 25 det
782 502 89 34 skjonne
902 511 30 26 og
956 505 87 33 varige

110 546 150 32 Slcedefore,
287 546 50 32 som
364 554 51 25 paa
434 548 110 30 Dstfioen
568 554 24 19 er
613 547 26 26 til
661 546 126 34 saamegen
803 547 94 31 Lettelse
914 546 38 31 for
970 547 73 28 Com-

109 591 189 30 municationen,
326 598 33 27 og
392 592 106 32 hvorved
526 589 115 33 Reiserne
671 598 40 19 om
733 591 117 27 Vinteren
871 591 8 27 i
897 591 147 31 østlandets

110 633 70 33 Egne
197 634 61 28 blive
277 634 42 33 saa
338 634 148 35 behagelige.
538 634 42 27 Til
597 638 75 23 denne
695 634 94 33 Lettelse
812 634 96 35 bidrage
933 637 29 25 de
989 638 54 25 med

109 678 45 31 lis
171 678 91 33 belagte
281 678 137 33 Vanddrag
436 678 110 33 særdeles
567 683 90 28 meget.

179 722 120 33 Fslgeude
318 721 80 28 Tabel
417 721 61 32 viser
495 724 44 25 den
562 721 7 27 i
587 721 84 34 Norge
702 721 90 32 fundne
818 722 93 34 aarlige
929 721 112 29 Middel-

109 772 84 20 varme
212 765 60 32 efter
289 765 143 27 Reaumurs
448 765 91 32 Scala,
561 765 51 33 som
632 765 8 27 i
662 768 38 24 det
719 765 172 34 Foregaaende
911 773 28 27 og
959 766 83 33 Efter-

110 808 108 35 fslgende
237 811 93 24 overalt
349 816 24 19 er
393 809 83 34 brugt:

109 934 116 31 Nordcap

109 977 166 32 Throndhjem
403 977 52 33 63^

109 1021 151 34 Ullensvang
402 1024 34 23 60

109 1064 149 33 Christiania
395 1065 44 27 54'

178 1117 35 27 At
234 1116 82 34 Havrt
334 1125 37 19 om
391 1118 99 32 Norges
509 1116 193 34 Nordvestkyster
726 1120 91 24 udsver
836 1125 28 19 en
888 1118 42 33 saa
951 1118 90 35 velgjs<

111 1162 73 25 rende
201 1161 148 33 Indftydelse
371 1168 50 25 paa
445 1161 55 26 dets
520 1160 123 31 klimatiske
659 1160 123 34 Forholde
803 1161 43 28 kan
864 1165 48 30 dog
932 1161 52 32 iscer
1002 1161 39 27 til-

109 1204 88 32 skrives
213 1207 44 24 den
276 1205 7 26 i
302 1207 57 27 §l2
378 1207 97 24 omtalte
493 1203 143 33 Golfstrom.
674 1205 89 27 Denne
782 1206 113 31 oceaniste
914 1205 60 34 Flod
996 1207 46 30 har

109 1251 77 24 under
276 1255 25 19 n.
311 1248 47 26 Vr.
373 1248 9 26 i
396 1248 101 27 Midten
516 1247 28 31 af
552 1248 150 32 September
714 1248 116 28 Maaned
847 1257 28 19 en
886 1250 155 32 Varmegrad

109 1290 29 31 af
154 1296 72 29 noget
259 1299 57 19 over
420 1299 53 26 ,og
499 1293 50 24 375
576 1299 23 26 g.
616 1291 44 27 M.
679 1292 39 32 fra
747 1295 61 25 dens
831 1293 128 34 Udspring,
993 1299 48 26 paa

109 1334 93 34 Heiden
221 1335 28 32 as
261 1334 172 35 Wassington,
462 1337 30 23 12
511 1334 188 34 Lengdegrader
721 1335 40 32 fra
779 1337 124 26 Amerikas
916 1336 125 34 Fastland,

218 1387 38 18 om
286 1379 153 27 Sommeren
464 1386 30 26 og
525 1381 74 31 endog
722 1388 38 18 om
784 1380 126 30 Vinteren,
940 1382 101 24 mcdens

110 1422 127 26 Amerikas
255 1423 92 31 østkyst
366 1427 79 23 under
462 1422 86 32 samme
565 1423 144 34 Bredegrad
730 1424 43 33 har
791 1432 27 18 en
835 1423 161 34 Temperatur
1014 1422 27 32 af

206 1473 39 19 om
276 1466 150 28 Sommeren
455 1474 28 25 og
512 1467 61 26 kuns
691 1475 40 19 om
756 1467 127 27 Vinteren.
935 1466 54 26 Ved
1013 1469 28 24 de

109 1508 97 34 azoriske
231 1510 53 29 Der
312 1510 44 30 har
381 1514 76 23 denne
478 1510 89 28 Strsm
589 1518 28 19 en
636 1510 253 32 Middeltemperatur
908 1509 28 33 af

109 1554 99 25 medens
228 1555 77 24 under
330 1552 88 33 samme
439 1554 147 34 Bredegrad
605 1554 128 29 Amerikas
750 1554 93 34 Dstkyst
860 1553 46 35 har
926 1561 30 20 en
974 1553 65 28 Var-

328 860 109 35 Nordlig
455 862 90 28 Brede.
703 861 199 29 Middelvarme:

599 895 90 25 Aarets.
728 897 128 24 Vinterens.
886 895 156 26 Sommerens.

405 935 51 24 71°
596 933 35 35 +
648 935 62 30 O,l<>
747 950 33 4 __
798 936 33 25 4°
909 935 87 31 +5°

403 977 52 34 63z
594 977 37 33 -f
648 979 45 29 3,4
745 993 35 4 —
797 982 44 26 3,8
910 978 87 34 4-12

402 1024 35 23 60
593 1020 36 35 -j-
647 1025 43 27 5,8
745 1038 34 4 —
796 1025 45 29 0,8
909 1022 37 34 -s-
967 1026 58 26 12,5

334 1066 50 26 59°
395 1065 44 27 54'
592 1064 40 35 -f-
649 1066 43 29 4,3
746 1080 33 5 —
798 1066 17 26 4
966 1067 61 32 12,4
