1082 1742
585 49 2 8 56

104 104 50 31 som
182 102 49 33 ofte
262 105 89 30 trcrnge
378 107 80 30 meget
486 102 59 33 dybt
572 102 39 28 ind
631 102 7 27 i
655 100 103 35 Landet;
791 102 106 31 hvorhos
928 100 106 28 Landets

104 148 81 26 Brede
204 144 40 31 fra
260 145 33 26 V.
312 145 26 27 til
359 146 35 30 V-
413 145 122 33 forholder
555 147 31 32 sig
606 145 26 27 til
653 144 116 34 Lengden
789 145 38 30 fra
850 145 61 27 SV.
928 145 27 27 til
973 145 61 29 NS.

102 190 50 32 som
176 192 10 22 I
208 187 50 31 :4,
285 188 72 28 indtil
374 193 12 22 i
407 197 8 20 :
432 190 53 27 24N
503 189 47 31 (see
570 192 14 28 §
603 191 36 31 3).
674 188 87 28 Denne
782 189 130 35 betydelige
922 189 112 29 Udstrcrk-

104 233 58 32 ning
180 234 56 25 mod
246 232 82 33 Havet
347 233 8 26 i
366 232 35 28 S.
410 241 29 26 og
450 234 32 26 V.
496 232 104 33 forhoier
612 232 193 31 Temperaturen
819 232 113 31 sirrdeles
949 238 85 28 meget,

104 276 42 26 ikke
164 277 67 26 alene
251 284 49 25 paa
321 276 90 28 Grund
437 277 28 32 af
492 280 29 24 de
549 276 137 36 sydvestlige
709 284 81 20 varme
808 275 90 32 Vinde,
924 276 48 33 som
998 283 37 19 ere

103 319 164 33 forherffende
286 327 52 25 paa
359 320 63 32 disse
441 321 104 31 Breder,
573 328 53 19 men
656 319 70 35 ogsaa
755 327 48 25 paa
822 319 89 28 Grund
940 319 30 30 af
992 322 44 24 den

103 370 83 19 varme
211 363 65 33 Luft,
305 363 49 33 som
373 364 101 34 opstiger
493 363 40 31 fra
551 366 45 25 den
618 364 83 32 forhen
721 364 100 25 omtalte
840 362 134 33 Golfstrsm
1004 371 32 25 og

104 407 120 27 udbredcs
243 414 58 19 over
318 409 27 25 de
366 407 159 34 nordvestlige
542 407 93 33 Kyster.
683 406 64 28 Med
766 406 99 33 Hensyn
893 408 28 26 til
941 410 27 23 de
993 414 43 19 an-

104 450 59 31 fsrte
194 450 181 31 Sydvestvinde
406 451 131 27 bemcrrkes
563 450 132 35 Fslgende:
733 451 51 27 Det
812 458 24 19 cr
858 450 121 31 dekjendt,
1010 456 25 22 at

104 494 80 27 Solen
209 502 25 18 er
251 493 89 28 Kilden
365 495 29 26 til
412 497 45 24 den
476 494 8 27 i
501 494 181 32 Atmosphcrren
704 502 32 26 og
755 502 48 26 paa
821 494 112 31 Jordens
954 495 82 26 Over-

104 538 64 33 stade
185 538 117 27 udbrcdte
320 538 108 34 Varme;
459 545 53 20 men
531 538 43 27 ikke
592 538 46 28 alle
658 538 146 31 Gjenstande
835 545 37 21 ere
898 538 48 33 lige
968 540 68 25 mod-

104 581 103 34 tagelige
228 580 39 32 for
285 583 78 25 denne
381 582 100 26 Varme.
518 581 128 27 Saaledes
666 589 37 19 ere
720 582 190 34 gjennemsigtige
930 580 108 35 Legemer

104 625 64 32 slette
178 625 171 27 Varmeledere
367 633 29 26 og
411 628 122 24 omvendt.
570 624 35 31 Jo
624 625 55 33 fiere
690 625 153 29 Solstraaler
865 630 21 23 et
902 624 44 33 vist
956 625 82 33 Stwg

105 671 134 31 modtager,
260 668 23 32 jo
303 669 69 29 sterre
392 672 43 23 den
452 668 83 27 Vinkel
552 676 33 23 er,
605 672 75 24 under
699 669 90 31 hvilken
808 669 151 26 Straalerue
975 676 62 26 gaae

105 714 44 25 ned
168 716 57 22 mod
244 712 110 30 Jorden,
382 712 22 31 jo
425 714 101 31 lcrngere
545 721 29 26 og
590 720 62 19 mere
665 713 117 30 uafbrudt
793 713 85 27 Solen
895 712 91 32 virker,
1012 711 24 32 jo

105 756 87 26 klarere
220 757 45 25 den
290 754 55 34 Luft
373 763 33 24 er,
435 754 182 35 hvorigjennem
639 755 149 27 Straalerne
814 764 77 25 gaae,
921 756 64 31 samt
1012 756 24 30 jo

105 799 92 27 mindre
227 799 75 27 Vand
326 806 30 26 og
373 798 146 34 Vegetation
545 803 23 23 et
587 799 127 33 Landstrsg
735 800 57 31 har,
821 801 63 29 desto
912 800 71 31 storre
1013 806 25 20 er

105 842 73 33 ogsaa
196 844 45 25 den
259 842 102 32 Varme,
382 842 50 32 som
453 845 42 24 der
512 843 118 26 udvikles.
683 843 57 32 Paa
760 843 90 28 Grund
875 842 29 30 af
926 843 112 30 Jordens

104 886 106 33 Stilling
238 888 56 25 mod
318 885 81 27 Solen
425 893 56 19 maa
507 886 202 31 Solstraalerncs
737 886 116 35 Virkning
883 893 64 20 vcrre
974 887 64 31 storst

104 929 102 27 imcllem
226 929 207 32 Vcndecirklerne,
455 930 55 26 eller
533 930 7 26 i
566 932 44 24 den
636 930 119 31 saakaldte
782 930 95 32 tropiske
906 929 75 32 Zone,
1012 928 29 31 af

105 973 86 30 hvilket
211 973 82 33 Strog
320 974 69 26 alene
412 973 100 32 Afrikas
533 973 130 28 Continent
692 973 95 32 forener
815 974 46 27 alle
890 973 150 35 Betingelser

105 1016 39 32 for
165 1018 45 25 den
231 1017 76 30 storste
327 1016 224 35 Varmeudvikling.
599 1017 56 26 Den
683 1019 43 25 ved
754 1017 178 33 Ophedningen
961 1017 7 26 i
995 1019 45 24 den

108 1067 84 19 varme
211 1060 67 32 Zone
310 1060 142 34 fortyndede
479 1060 56 31 Luft
562 1061 72 32 stiger
660 1069 30 24 op
716 1060 25 26 til
763 1064 28 23 de
817 1066 55 22 svre
890 1060 97 33 Luftlag
1009 1068 31 25 og

105 1104 123 31 strsmmer
248 1105 45 30 hen
311 1105 28 27 til
356 1106 115 31 Polerne,
500 1106 99 24 medens
630 1107 45 24 den
702 1104 152 33 herværende
883 1105 74 30 kolde,
975 1109 65 21 tcette

107 1154 31 26 og
167 1147 82 32 derfor
274 1152 101 30 tungere
398 1147 56 32 Luft
482 1147 78 34 flyder
589 1149 72 33 langs
688 1147 111 31 Jordens
822 1147 134 33 Overstade
984 1149 55 26 mod

107 1191 137 35 Mqvator,
267 1191 40 34 for
325 1196 27 23 at
370 1193 95 31 erstatte
485 1194 39 25 det
544 1190 65 33 Tab,
627 1191 51 31 som
696 1194 41 24 der
763 1198 23 19 er
805 1193 109 30 opstaaet
932 1193 45 25 ved
997 1193 46 25 den

107 1242 94 25 varme,
232 1236 141 32 fortyndede
399 1235 68 31 Lufts
493 1234 157 34 Opstigning.
701 1236 40 26 De
768 1241 83 21 varme
879 1234 163 33 Luftstromme

107 1278 63 28 vilde
192 1278 122 34 bestandig
345 1287 62 24 gaae
429 1279 7 27 i
456 1279 46 34 lige
522 1278 111 34 Retning
659 1280 55 25 mod
733 1279 112 32 Polerne,
874 1287 32 26 og
927 1281 28 24 de
976 1279 65 26 kolde

108 1325 55 24 mod
173 1323 136 34 VEqvator,
328 1323 56 33 hvis
395 1323 95 30 Jorden
510 1329 46 19 var
576 1325 23 22 et
622 1322 108 31 hvilende
741 1322 112 35 Legeme;
872 1330 53 19 men
944 1325 30 24 da
995 1323 45 26 den

107 1367 77 26 dreier
201 1367 33 34 sig
253 1367 39 32 fra
307 1367 33 27 V.
357 1369 54 25 mod
426 1367 45 31 A,
490 1365 55 33 faae
561 1365 192 32 Luftstrømmene
772 1368 85 25 derved
872 1374 28 19 en
917 1365 124 32 forandret

107 1409 121 36 Retning,
248 1411 108 31 saaledes
377 1415 26 23 at
423 1412 45 25 den
486 1411 65 25 kolde
570 1409 90 27 Strsm
685 1409 7 27 i
709 1410 34 27 N.
763 1410 37 32 for
817 1410 127 33 ZEqvator
963 1408 78 26 bliver

107 1454 129 34 nordostlig
257 1454 236 34 (Nordsst.Passat)
522 1460 29 27 og
578 1452 9 28 i
616 1452 35 28 S.
669 1453 108 35 sydostlig
803 1452 236 35 (Sydsst-Passat),

109 1496 127 32 hvorimod
258 1501 45 24 den
324 1504 84 21 varme
427 1499 102 28 Strem,
553 1499 42 24 der
624 1504 63 25 gaar
708 1501 56 24 mod
783 1497 154 31 Nordpolen,
966 1495 75 27 bliver

107 1539 133 36 sydvestlig,
260 1549 31 27 og
310 1543 54 31 den,
375 1542 42 27 der
434 1542 124 33 strommer
577 1540 28 28 til
615 1539 141 35 Sydpolen,
768 1539 153 34 nordvestlig.
957 1538 84 34 Efter-
