1076 1742
600 72 2 2 96

428 121 135 45 Tredie
591 123 151 51 Capitel.

191 207 14 28 §
227 208 40 23 16.
312 204 143 40 Norges
483 204 224 35 Indvaanere
736 204 100 33 henhsre
865 204 187 33 forstsrstedelcn

119 248 26 27 til
163 250 43 25 den
224 251 161 31 germanniffe
404 251 119 25 Stamme
545 257 31 25 og
595 251 61 25 kuns
676 257 28 19 en
722 248 137 34 übetydelig
884 251 62 25 Deel
968 257 35 19 ere
1024 248 30 32 af

117 293 116 32 mongolsk
241 294 26 32 «)
295 294 130 33 Herkomst,
451 293 91 33 nemlig
568 292 92 33 Finner
691 292 67 31 (eller
782 292 92 30 Same,
893 293 47 30 som
958 295 28 24 de
1003 293 48 32 selv

118 336 64 26 kalde
199 338 49 32 sig)
269 345 29 25 og
321 337 57 32 hvis
398 338 74 25 Antal
490 337 121 31 forholder
631 337 32 32 sig
683 337 28 26 til
731 339 28 24 de
775 336 99 34 Forstes
888 342 101 21 omtrent
999 337 51 31 som

119 382 12 22 1
151 387 7 19 :
177 382 43 24 91.
257 382 38 24 De
312 380 8 26 i
340 380 84 34 Norge
443 380 88 31 bosatte
551 379 114 27 Qvcrncr
690 380 174 34 (Finlcrnderc,
883 380 111 31 Karckr)
1013 389 38 18 ere

118 424 106 27 derimod
241 424 29 31 af
285 424 55 33 finst
350 424 96 33 -ffytist
464 423 136 32 (tschudisk)
621 424 133 33 Herkomst,
773 431 29 26 og
821 423 28 30 af
866 425 51 25 dem
939 431 24 19 er
986 424 64 33 For-

119 469 79 28 holdet
229 468 46 30 som
298 471 11 21 I
333 474 7 19 :
364 471 59 22 29K.
461 469 82 25 Deres
570 467 124 33 Forfadre
712 470 157 25 udvandrcde
887 467 38 31 fra
946 467 104 33 Finland

118 514 51 26 (det
185 514 79 31 gamle
288 511 155 31 Qvcenland)
462 511 7 26 i
488 511 156 34 Slutningen
664 511 29 31 af
711 513 40 25 det
774 514 32 23 16
826 511 175 33 Aarhundrede
1021 520 28 25 og

117 558 80 24 endnu
216 558 119 24 vedvarer
352 555 206 34 Indvandringm
575 554 90 30 derfra.
684 569 32 4 —
730 554 75 33 Disse
821 559 34 22 tre
873 554 120 35 Folkeslag
1006 556 43 31 ha-

117 605 30 19 ve
178 599 58 31 hver
264 600 27 32 sit
317 599 97 33 Eprog,
445 598 92 33 hvcraf
556 601 27 23 de
609 604 23 20 to
652 598 97 33 Forstcs
771 598 62 33 igjen
854 600 48 25 dele
920 599 33 33 sig
972 600 7 24 i
992 599 56 32 flere

117 642 136 26 Dialecter.
301 643 53 26 Det
373 643 77 32 norske
469 643 89 31 Sprog
579 643 160 26 nedstammer
756 642 38 32 fra
812 642 94 30 Indien
924 651 30 25 og
975 651 24 17 er
1020 650 29 20 en

117 685 109 26 Varietet
245 686 29 32 af
290 688 38 24 det
346 688 158 32 germanmsse
528 686 171 33 Hovedsprog,
717 687 42 25 der
783 686 89 33 cplsser
892 688 31 33 sig
943 687 7 25 i
969 690 15 21 3
995 686 54 33 Ho-

117 732 129 29 vedgrenr,
267 730 87 33 nemlig
375 730 23 33 I)
415 733 43 23 den
478 731 104 30 nordiffc
600 730 203 33 (skandinaviske),
824 730 42 26 der
883 733 63 24 tales
961 731 27 31 af
1001 731 47 30 Is-

119 773 141 32 lendinger,
291 774 164 30 liordmcrnd,
485 773 107 32 Svenske
624 782 29 24 og
676 773 104 32 Danske,
800 774 26 32 2)
843 776 44 24 den
907 775 82 31 tydske,
1006 777 42 24 der

118 817 64 26 tales
196 817 80 26 baade
294 816 28 30 af
337 817 134 33 Hoitydste,
481 818 141 31 Plattydste
642 825 28 25 og
686 817 183 32 Flamlcrndere,
888 818 61 30 samt
965 822 26 25 3)
1003 821 45 24 den

117 859 112 33 brittiske.
269 861 51 25 Det
338 862 80 30 norsse
439 861 155 34 Ckriftsprog
612 869 24 17 cr
654 862 85 30 ncrstcn
758 863 91 24 aldeles
869 862 43 33 ligt
935 865 38 23 det
989 864 60 24 dan-

117 903 47 33 ske;
187 911 54 19 men
265 904 232 27 Almuedialecterne
528 912 38 18 ere
597 904 37 31 for
657 912 28 18 en
721 905 61 26 Deel
810 904 133 34 afvigcnde,
970 906 80 30 saavel

119 947 37 31 fra
176 949 70 29 dette,
277 947 47 32 som
356 950 39 29 fra
422 949 133 29 hverandre
584 949 139 31 indbyrdcs.
785 948 100 27 Eaavcl
902 949 62 32 disse
984 949 65 26 Dia-

118 992 79 29 lekter,
217 991 50 32 som
284 994 38 24 det
340 991 68 33 finske
427 992 96 34 Sprog,
546 994 40 25 der
607 992 131 32 tilligemed
758 993 40 25 det
815 993 103 32 qvcrnske
937 1001 36 18 ere
998 993 51 33 Ho-

117 1034 131 34 vedsprog,
262 1035 46 32 som
319 1036 141 30 nedstamme
481 1036 38 31 fra
538 1037 39 25 det
594 1035 80 31 Indre
692 1036 28 31 af
735 1036 77 32 Asien,
832 1037 63 25 blive
915 1043 32 20 nu
966 1044 83 27 gram-

118 1079 83 32 malisk
218 1087 29 24 og
269 1080 101 31 lericalsk
381 1080 164 29 bearbeidede,
557 1087 30 26 og
599 1078 56 28 ville
668 1078 104 31 maafkee
783 1087 93 26 engang
890 1080 91 26 tildccls
994 1081 54 26 kun-

118 1129 29 18 ne
167 1123 79 30 harves
267 1123 26 26 til
311 1123 160 34 Skriftsprog,
493 1122 99 34 ligesom
612 1122 55 32 flere
687 1123 74 32 tydske
781 1123 130 26 Dialccter.
958 1125 44 24 Da
1020 1126 29 24 de

120 1166 152 34 oprindclige
303 1168 149 26 Nordmcrnd
472 1167 52 31 iscrr
547 1166 71 26 beboe
637 1166 222 30 Lan^districtcrNe,
878 1167 7 26 i
903 1170 39 23 det
961 1167 89 35 sydlige

119 1209 86 34 Norge
227 1210 163 34 fornemmelig
411 1211 98 27 imkllem
530 1213 33 23 23
582 1218 30 25 og
702 1217 21 20 <
747 1211 33 31 L.,
799 1211 125 32 hvorimod
936 1212 113 32 Byernes

120 1260 29 26 og
169 1254 95 26 tildecls
283 1255 143 30 østlandets
445 1253 146 34 Vcfolkning
610 1253 149 32 fordetmcste
775 1256 158 27 nedstammer
944 1255 38 32 fra
994 1255 56 27 eller

121 1305 24 18 er
163 1297 142 32 sammcnsat
325 1299 27 30 af
370 1297 158 34 Emigranter
549 1297 38 31 fra
608 1300 73 24 andre
700 1299 136 32 europcriskc
852 1299 78 34 Niger
939 1299 55 27 eller
1006 1307 44 25 og-

119 1341 41 29 saa
181 1342 44 32 har
246 1343 56 25 kavt
324 1347 77 29 meget
420 1342 137 32 Samqvem
578 1344 52 24 med
652 1341 159 34 Udlcrndigcr,
836 1350 55 18 maa
911 1344 42 25 den
972 1342 78 32 norste

121 1385 268 30 Nationalcharactccrs
411 1385 267 32 Eicndommcligbeder
693 1386 52 31 iscrr
765 1386 60 26 blive
845 1391 25 21 at
888 1386 51 33 sc>ge
955 1386 7 25 i
973 1387 26 25 de
1011 1385 39 32 fra

121 1429 97 33 Bycrne
246 1437 28 25 og
303 1431 128 28 Vstlandct
459 1438 62 17 mere
543 1429 162 31 bortfjernede
723 1429 80 34 Egne;
837 1434 18 21 t.
882 1429 45 33 Ex.
949 1429 101 32 foruden

122 1473 113 33 Bergens
255 1473 78 30 Etift,
353 1474 51 30 iscrr
423 1476 53 25 dets
500 1473 66 26 indre
585 1473 79 33 Egne,
683 1474 125 26 cndvidcrc
826 1475 27 23 de
871 1473 179 33 tilgrccndscnde

123 1516 125 28 Districtcr
267 1516 26 30 af
311 1516 206 31 (Zhristiansands,
540 1516 159 30 Christianias
718 1525 28 24 og
765 1516 183 31 Throndhjcms
979 1515 70 32 Stif-

121 1563 45 28 ter,
185 1560 61 32 samt
269 1560 37 31 for
323 1561 80 26 endeel
422 1561 27 32 af
465 1560 108 28 Tromso
599 1560 75 32 Stift.
716 1560 57 33 Dog
794 1560 90 32 adstille
903 1559 70 34 ogsaa
992 1560 58 33 fiere
